3742 5542
902 597 945 661 33

828 703 1034 711 ..-—-—-

321 841 355 898 et
376 854 463 917 aqua
483 841 664 898 maceratas
686 834 720 896 in
743 831 826 895 offas
849 831 1014 895 volutabis
1036 832 1176 915 exiguas
1198 837 1233 893 et
1252 849 1313 914 per
1331 828 1403 892 dies
1420 827 1536 909 viginti

320 949 490 1011 continuos
512 945 711 1010 ministrabis
732 944 913 1010 ausoribus.

783 1203 846 1267 DE
869 1201 1074 1270 PISCINIS.

408 1361 472 1426 His
503 1361 659 1426 ordinatis
691 1369 822 1424 caetera
844 1359 1041 1444 exequenda
1063 1368 1158 1425 sunt.
1181 1381 1256 1422 nam
1277 1361 1423 1444 piscinae
1446 1359 1530 1423 duae
1553 1359 1681 1424 XXXI

283 1473 376 1541 ovel
404 1474 476 1539 solo
505 1477 674 1559 inpressae
708 1473 762 1537 vel
792 1494 889 1537 caeso
923 1472 1033 1558 lapide
1066 1475 1152 1536 circa
1181 1473 1291 1535 villam
1326 1491 1400 1536 esse
1432 1471 1537 1537 debe-

321 1587 418 1670 bunt,
449 1609 531 1672 quas
561 1587 659 1651 facile
683 1595 813 1650 estant
835 1587 928 1650 fonte
951 1594 1008 1649 aut
1029 1585 1132 1649 imbre
1155 1585 1318 1670 subpleri,
1349 1594 1385 1648 ut
1406 1608 1470 1650 una
1492 1609 1535 1651 ex

322 1699 372 1764 his
389 1702 463 1764 usui
481 1703 525 1764 sit
541 1699 717 1784 pecoribus
733 1698 787 1762 vel
802 1698 919 1762 avibus
935 1701 1111 1782 aquaticis:
1134 1697 1198 1761 alia
1214 1694 1413 1761 madefaciat
1425 1703 1536 1784 virgas

322 1822 357 1876 et
379 1816 467 1877 coria
488 1821 523 1876 et
543 1812 674 1898 lupinos
696 1826 730 1876 et
751 1814 782 1876 si
803 1833 869 1896 qua
890 1813 1055 1876 rusticitas
1078 1813 1250 1875 cousuevit
1271 1809 1450 1877 infundere.

527 2061 590 2127 DE
611 2063 812 2146 FAENILI,
832 2060 1081 2144 PALEARIO,
1104 2060 1339 2127 LIGNARIO.

265 2238 296 2286 10
429 2217 545 2300 Faeni,
577 2219 760 2305 palearum,
789 2219 888 2305 ligni,
921 2202 1095 2283 cannarum
1120 2221 1337 2304 repositiones
1366 2216 1410 2280 nil
1433 2216 1536 2281 refert
1558 2213 1703 2279 XXXII

327 2333 359 2392 in
389 2352 454 2414 qua
481 2340 591 2416 parte,
623 2332 798 2396 dummodo
827 2334 935 2396 siccae
965 2335 1031 2396 siut
1051 2341 1153 2416 atque
1174 2330 1362 2416 perflabiles
1385 2339 1419 2392 et
1441 2329 1538 2415 longe

323 2455 552 2510 removeantur
573 2466 595 2508 a
616 2446 695 2510 villa
716 2455 852 2531 propter
874 2466 985 2509 casum
1007 2444 1218 2528 subripientis
1241 2442 1391 2509 incendii.

738 2695 802 2760 DE
823 2693 1127 2763 STERCULINO.

414 2849 603 2915 Stercorum
640 2853 809 2935 congestio
847 2851 956 2915 Iocum
995 2872 1090 2915 annm
1130 2859 1244 2914 terrere
1281 2847 1433 2928 debebit,
1476 2851 1532 2931 qai
1554 2848 1706 2915 XXXIII

260 2983 293 3031 ro
323 2963 470 3027 abundet
497 2984 609 3027 umore
640 2971 674 3027 et
698 2972 834 3048 propter
855 2963 967 3028 odoris
990 2961 1153 3027 horrenda
1178 2983 1200 3025 a
1220 2965 1375 3046 praetorii
1398 2982 1538 3027 corrvcr-

322 3085 411 3139 tatur
440 3084 599 3161 aspectu.
630 3096 723 3139 umor
750 3075 920 3140 abundans
949 3075 1013 3139 boc
1039 3068 1223 3160 praestabit
1243 3076 1396 3153 stercori,
1426 3084 1479 3156 ut,
1510 3076 1538 3137 si

324 3208 390 3269 qua
417 3189 526 3252 insunt
554 3189 720 3273 spinarum
747 3189 891 3268 semiue,
915 3186 1112 3272 putrefiant.
1134 3195 1262 3250 stercus
1283 3186 1448 3249 asinorum
1469 3190 1539 3271 pri-

324 3319 410 3361 mum
433 3308 500 3381 est,
529 3304 672 3365 maxime
701 3300 820 3365 hortis:
853 3299 930 3364 dein
952 3299 1086 3363 ovillum
1110 3308 1144 3362 et
1166 3300 1331 3383 caprinum
1354 3307 1388 3362 et
1410 3300 1536 3363 iumen-

326 3416 450 3478 torumt
471 3416 638 3495 porcinum
660 3434 740 3478 vero
762 3415 959 3499 pessimum.
975 3415 1100 3477 cineres
1116 3414 1229 3498 optimi
1247 3410 1307 3475 sed
1323 3410 1540 3475 columbinum

262 3595 470 3602 ————

364 3705 554 3770 luoluptabis
572 3703 607 3758 R
630 3704 652 3774 Η
680 3708 778 3771 utgtnti
803 3704 862 3757 dtas
878 3704 914 3759 B.
946 3706 968 3773 Η
998 3707 1014 3757 2
1040 3710 1069 3757 et
1090 3720 1146 3755 nna
1169 3704 1203 3755 de
1227 3712 1307 3757 nocte
1333 3711 1399 3771 potu
1424 3709 1605 3757 ministrantes

261 3801 379 3854 eisdem.
398 3816 476 3851 omuc
501 3807 592 3851 tamen
611 3801 737 3866 legumen
761 3808 870 3866 praeter
887 3816 983 3852 eruum
1003 3802 1083 3851 tribui
1102 3804 1141 3851 eu
1159 3806 1251 3867 potest
1268 3797 1350 3853 addit
1367 3798 1400 3855 lt.
1422 3800 1443 3868 Η
1467 3803 1483 3853 3
1502 3802 1541 3851 De
1561 3804 1605 3867 pt-

261 3898 344 3946 scinis
362 3898 519 3948 extruendis
536 3895 570 3949 R.
594 3895 616 3963 Η
640 3901 656 3945 t
675 3897 742 3947 nilla
759 3895 786 3949 L
802 3902 838 3957 (m
855 3909 875 3947 a
896 3910 980 3948 mnu
997 3893 1117 3949 secundo
1140 3909 1226 3964 supro
1249 3893 1402 3965 mopiam).
1426 3896 1448 3961 Η
1472 3898 1605 3949 struem

262 3992 312 4042 12¹.
326 3990 357 4058 Ἠ
381 3995 395 4041 t
414 3993 530 4043 subiciat
547 3993 612 4060 (pro
627 3991 722 4057 sitm
747 3990 769 4059 Η
792 3993 880 4043 attera
897 4008 963 4043 nero
982 3990 1017 4058 B,
1036 3995 1063 4043 tn
1081 3992 1162 4043 aliam
1181 3992 1298 4043 deuocat
1320 3990 1349 4045 V.
1373 3992 1395 4059 Η
1418 3994 1433 4040 e
1453 3998 1481 4043 et
1498 3993 1606 4059 lupinos

263 4091 291 4136 et
309 4089 383 4135 coria
399 4085 440 4150 R,
465 4090 586 4139 steorte
611 4101 661 4139 om.
679 4083 711 4139 F
726 4081 843 4151 awaus
860 4085 958 4153 istest),
984 4094 1013 4137 ct
1039 4087 1148 4153 lupinos
1166 4100 1216 4139 om.
1235 4084 1269 4139 Ε.
1295 4086 1316 4153 Η
1340 4102 1525 4153 quaecumque
1544 4092 1607 4157 (pro

260 4185 285 4231 si
303 4181 368 4246 qua)
386 4179 420 4233 R.
445 4180 466 4248 Η
490 4187 551 4233 bet
566 4184 681 4249 lignano
699 4181 733 4236 R.
757 4184 780 4249 Η
805 4186 837 4233 10
855 4183 989 4247 lignorum
999 4179 1034 4235 R.
1059 4180 1080 4247 Η
1105 4185 1262 4247 repostonea
1280 4178 1391 4235 ronne.
1416 4182 1437 4247 Η
1464 4187 1492 4235 tr
1512 4186 1538 4233 to
1557 4198 1606 4235 rm.

259 4275 294 4330 R
320 4275 341 4343 Η
365 4275 841 4344 fianttpoatparte)ina.P‘1⁴'R,
859 4276 949 4343 [flant]
967 4290 1015 4345 qr.
1039 4276 1062 4342 Η
1086 4276 1166 4341 longe
1184 4290 1233 4328 on.
1254 4274 1288 4329 11.
1312 4274 1333 4341 Η
1360 4280 1391 4328 lc
1408 4284 1510 4327 remote
1523 4276 1556 4331 It
1581 4278 1601 4343 Η

259 4390 286 4438 p.
305 4389 327 4422 c.
354 4372 473 4422 incendii
496 4354 630 4436 repentini
646 4371 681 4426 R
703 4373 726 4441 Η
749 4369 980 4438 subriperent,
1009 4373 1181 4437 subrepentes
1200 4372 1247 4423 1³0.
1272 4378 1293 4439 Η
1320 4376 1349 4423 tt
1368 4373 1415 4423 m:
1433 4372 1606 4433 e‘tutrovt-

261 4466 360 4518 LINIO
375 4466 404 4519 V.
428 4466 450 4534 Η
476 4472 508 4517 14
526 4467 682 4520 stercorum
701 4467 831 4535 V(orum
850 4467 1021 4533 inrorato),
1039 4468 1275 4533 snrqmoniorum
1295 4466 1327 4521 Ε,
1353 4470 1374 4533 ,j
1398 4472 1444 4533 qut
1463 4472 1497 4517 eit
1516 4470 1606 4523 taruti-

262 4561 313 4612 dus
329 4561 363 4616 R.
388 4564 409 4632 Η
441 4567 470 4612 to
495 4567 631 4628 practorio
650 4563 682 4616 L.
706 4564 728 4631 Η
754 4572 897 4618 scortator
914 4562 978 4617 mr
994 4578 1042 4633 qa.
1066 4564 1088 4629 Η
1120 4566 1151 4616 lt
1170 4564 1237 4615 lraec
1256 4564 1295 4615 θ’
1318 4564 1377 4621 (not
1403 4568 1453 4617 boe:
1479 4562 1506 4615 ia
1530 4579 1607 4617 mor·

259 4656 345 4725 yios).
368 4660 390 4729 Η
416 4663 446 4708 17
466 4664 558 4711 insunt
575 4661 647 4711 mala
664 4663 768 4711 acmtaa
784 4658 818 4714 lt
841 4662 863 4729 Η
890 4663 920 4713 18
943 4660 1042 4711 deinde
1062 4660 1142 4711 boum
1167 4657 1202 4727 V,
1227 4664 1319 4711 ouium
1344 4670 1368 4709 st
1389 4644 1499 4727 ‹eaprbm
1522 4661 1554 4715 [θ’.
1581 4664 1601 4725 {i

260 4757 437 4807 iumentinum
454 4754 488 4809 R,
513 4755 535 4823 Η
561 4760 592 4806 19
611 4772 685 4822 porc.
703 4762 796 4808 autem
812 4754 846 4809 R
869 4756 892 4825 Η
915 4755 965 4807 aed
986 4770 1035 4807 oar.
1056 4752 1089 4809 lt.
1116 4756 1137 4821 Η

1402 4856 1419 4903 3
