3742 5542
402 853 520 935 quibus
534 876 553 917 a
566 862 719 936 quattuor
735 854 893 938 partibus,
914 852 1119 921 fenestellae.
1140 856 1224 918 sicut
1236 875 1307 918 mos
1325 863 1386 934 est,
1406 854 1619 918 brevissimae

403 965 499 1046 liant,
531 974 568 1030 ut
598 967 765 1032 columbas
795 967 883 1031 solas
915 966 958 1029 ad
988 969 1156 1030 introitum
1187 969 1378 1051 exitumque
1408 971 1617 1052 permittant.

311 1094 315 1099 ·
339 1079 358 1140 2
401 1078 469 1141 nidi
490 1079 671 1164 figurentur
694 1080 849 1142 interius.
868 1099 888 1140 a
910 1077 1059 1142 mustelis
1082 1086 1172 1142 tutae
1189 1079 1280 1160 fiunt,
1304 1082 1332 1143 si
1350 1083 1433 1144 inter
1451 1101 1505 1144 eas
1522 1089 1618 1144 vetus

402 1198 535 1273 spartea
548 1190 588 1275 ³⁴)
619 1194 812 1276 proiciatur,
844 1211 909 1274 qua
936 1191 1087 1254 animalia
1111 1191 1305 1273 calciantur,
1335 1203 1372 1256 ut
1395 1215 1466 1256 eam
1488 1201 1617 1258 secreto

400 1326 467 1368 non
481 1304 666 1369 videntibus
679 1304 751 1368 aliis
765 1326 848 1368 unus
860 1303 1035 1369 adtulerit.
1056 1326 1121 1368 non
1131 1313 1271 1388 pereunt
1289 1314 1322 1368 et
1337 1327 1445 1389 neque
1453 1305 1494 1388 ³⁵)
1510 1307 1618 1371 locum
1667 1326 1682 1374 5

404 1416 575 1500 deserunt,
599 1421 626 1481 si
648 1439 708 1502 per
731 1437 843 1481 omnes
866 1418 1029 1481 fenest-ras
1052 1416 1176 1499 aliquid
1199 1416 1240 1481 de
1263 1418 1457 1504 strangulati
1479 1421 1617 1485 hominis

402 1530 473 1594 loro
497 1540 554 1594 aut
576 1531 705 1596 vinculo
729 1535 787 1595 aut
809 1531 888 1595 fune
911 1532 1109 1616 suspendas.
1133 1532 1289 1596 inducunt
1311 1532 1407 1613 alias,
1437 1536 1465 1596 si
1488 1536 1618 1617 cymino

402 1652 580 1726 pascantur
610 1643 747 1708 adsidue
777 1644 831 1708 vel
862 1644 943 1706 hirci
965 1644 1088 1707 alarum
1111 1645 1249 1709 balsami
1271 1647 1398 1728 liquore
1421 1653 1616 1730 tangantur.

338 1757 358 1820 3
402 1756 491 1820 fetus
513 1756 733 1839 frequentant,
757 1759 784 1821 si
807 1757 965 1821 hordeum
989 1757 1202 1821 torrefactum
1224 1758 1278 1821 vel
1300 1757 1410 1820 fabam
1432 1757 1486 1822 vel
1505 1779 1617 1822 ervum

402 1889 503 1952 saepe
526 1874 884 1955 consumant.triginta
905 1882 1014 1935 autem
1038 1870 1195 1935 columbis
1219 1871 1405 1935 volantibus
1428 1870 1533 1935 diurni
1550 1880 1617 1937 tres
1649 1894 1681 1942 10

403 1984 540 2044 sextarii
562 1985 663 2046 tritici
685 1985 849 2049 sufficient
872 1993 929 2048 aut
951 1992 1117 2064 creturae,
1139 1987 1186 2047 ita
1209 1992 1245 2046 ut
1268 2004 1379 2047 ervum
1401 1985 1490 2047 fetus
1513 1987 1618 2068 gratia

401 2096 567 2160 mensibus
600 2098 816 2180 praebeamus
850 2099 1020 2162 hibernis.
1053 2105 1147 2161 rutae
1180 2097 1322 2161 ramulos
1356 2096 1502 2180 plurimis
1534 2097 1616 2163 locis

403 2217 534 2293 oportet
557 2217 670 2274 contra
691 2210 842 2274 animalia
864 2213 992 2274 inimica
1014 2209 1223 2294 suspendere.

808 2477 870 2540 DE
893 2475 1201 2543 TURTURIBUS.

334 2629 441 2694 XXV
539 2632 605 2699 Sed
629 2634 818 2697 columbarii
840 2634 944 2698 cellae
968 2633 1032 2696 duo
1056 2633 1204 2697 subiecta
1226 2633 1374 2698 cubicula
1397 2635 1491 2715 fiant,
1514 2656 1611 2698 unum
1644 2655 1678 2707 15

398 2743 500 2810 breve
533 2755 567 2810 et
594 2769 698 2831 prope
729 2747 918 2828 obscurum,
954 2768 1019 2830 quo
1051 2754 1194 2810 turtures
1224 2745 1332 2809 claudi
1355 2750 1497 2833 possint,
1531 2770 1614 2831 quos

397 2862 520 2924 nutrire
542 2861 730 2924 facillimum
754 2868 823 2924 est:
852 2883 924 2924 nam
948 2861 1027 2924 nibil
1051 2868 1222 2944 expetunt,
1245 2862 1308 2923 nisi
1330 2869 1367 2924 ut
1388 2868 1525 2942 aestate,
1550 2883 1615 2944 qua

397 2971 468 3034 sola
489 2975 631 3037 maxime
654 2976 882 3059 pinguescunt,
906 2977 1046 3037 triticum
1070 2973 1124 3036 vel
1147 2972 1268 3035 milium
1292 2972 1398 3036 mulsa
1414 2982 1611 3038 maceratum

397 3105 526 3169 semper
548 3089 728 3171 accipiant.
746 3086 911 3150 semodius
925 3085 965 3168 ³⁶)
987 3107 1070 3149 unus
1093 3086 1226 3148 diurnus
1250 3092 1379 3148 centum
1401 3088 1518 3170 viginti
1540 3095 1611 3150 tur-

397 3197 524 3261 turibus
548 3199 687 3266 sufficit.
705 3199 791 3283 aqua
813 3220 892 3265 sane
916 3202 963 3264 eis
986 3200 1178 3283 frequenter
1200 3197 1349 3262 mundior
1367 3198 1468 3263 debet
1489 3200 1609 3269 offerri.
1641 3217 1676 3269 20

436 3447 449 3492 1
471 3439 579 3495 ubobet
591 3440 852 3510 Vaaproscrt'ptum.
869 3441 883 3512 11
898 3446 970 3494 sient
987 3458 1045 3496 mos
1064 3447 1106 3493 est
1124 3444 1199 3508 (onte
1217 3441 1389 3508 fenestellae)
1403 3443 1483 3512 Rps,
1502 3444 1678 3494 fenestrellae

332 3533 408 3602 LR,
435 3538 608 3588 fenestrellae
626 3553 675 3588 sou
693 3539 824 3589 foramina
842 3543 873 3589 ut
891 3538 1024 3588 columbis
1042 3536 1211 3587 solummodo
1230 3538 1264 3587 ad
1283 3567 1313 3574 —
1337 3538 1474 3589 subiciant
1482 3537 1517 3591 E.
1541 3536 1556 3605 11
1580 3538 1679 3589 iliani

332 3632 508 3682 brevissimae
519 3631 568 3698 P*,
585 3631 651 3682 fient
667 3647 714 3698 qs.
731 3629 745 3699 11
760 3647 829 3696 quae
848 3633 911 3699 (pro
929 3630 972 3696 ut)
991 3630 1024 3684 R.
1039 3629 1044 3699 Ι
1057 3629 1060 3698 Ι
1075 3635 1199 3696 recipere
1217 3636 1322 3696 possint
1333 3632 1365 3683 R.
1380 3631 1425 3699 113
1444 3638 1472 3683 et
1489 3633 1546 3683 nidi
1565 3635 1678 3683 interius

332 3729 457 3793 fugerent
471 3728 503 3777 R.
518 3726 532 3794 11
547 3724 659 3793 liantF,
676 3727 796 3794 fientps.
812 3725 825 3794 11
841 3730 931 3778 frutex
945 3729 1070 3792 virgosus
1086 3729 1143 3776 sine
1156 3727 1228 3777 foliis
1243 3742 1323 3793 asper
1332 3729 1378 3779 vel
1389 3730 1465 3794 (ante
1475 3731 1564 3792 vetus)
1575 3726 1679 3781 addite

333 3822 720 3891 exeditioncOommelt'ut'uuu,
734 3822 880 3876 cerrituuct's
889 3839 913 3891 9.
931 3821 944 3890 11
960 3831 975 3872 4
994 3816 1057 3887 quia
1068 3822 1108 3874 P²
1118 3821 1152 3875 F.
1168 3820 1182 3890 11
1198 3825 1354 3875 calceantur
1364 3824 1389 3874 R
1398 3839 1445 3892 ps.
1468 3821 1485 3890 11
1510 3828 1524 3874 5
1544 3826 1613 3876 aliae
1624 3841 1677 3874 non

331 3926 447 3984 pereunt
468 3919 499 3986 V,
517 3936 570 3970 non
589 3925 752 3985 percunt-
772 3919 923 3984 suspendas
943 3932 992 3971 om.
1010 3916 1045 3983 A,
1064 3916 1127 3970 incl.
1145 3933 1173 3985 9.
1196 3916 1209 3985 11
1226 3922 1314 3984 perire
1334 3948 1364 3955 -
1384 3919 1510 3971 deserere
1529 3921 1678 3972 creduntur

334 4015 366 4067 R¹
383 4012 396 4082 11
416 4020 443 4064 ot
461 4030 509 4066 om.
522 4013 784 4068 P⁸P⁴El⁷llde
806 4013 820 4083 11
843 4017 856 4064 6
876 4015 1045 4064 fenestrellas
1057 4013 1089 4064 R.
1112 4012 1125 4081 11
1148 4018 1161 4063 7
1180 4015 1239 4067 loro
1258 4029 1306 4066 om.
1320 4011 1355 4065 E.
1374 4011 1389 4081 11
1409 4016 1584 4079 suspenderis
1596 4015 1628 4067 R.
1649 4014 1664 4082 11

333 4114 439 4162 cumino
456 4111 482 4163 L
504 4112 612 4176 (cimino
632 4127 649 4162 u
667 4126 750 4163 mauu
768 4108 885 4163 sectando
903 4124 990 4178 supra
1007 4107 1151 4176 scriptuml
1167 4124 1222 4178 ps,
1249 4113 1345 4159 cimino
1363 4108 1457 4177 P’R,
1482 4114 1564 4161 imino
1580 4108 1616 4164 F.
1647 4109 1663 4178 11

333 4210 347 4256 8
367 4205 480 4255 adsiduo
490 4204 524 4272 L,
543 4205 651 4256 assiduo
666 4202 760 4259 VEG
782 4203 797 4271 11
817 4207 861 4255 nel
876 4204 948 4256 srP³
958 4203 995 4270 E,
1013 4207 1057 4255 vel
1076 4207 1162 4254 setosi
1178 4218 1200 4268 s,
1216 4207 1301 4253 setosi
1315 4202 1377 4256 incl.
1393 4219 1417 4272 ρ.
1434 4203 1449 4272 11
1470 4207 1485 4253 9
1504 4206 1589 4255 fetum
1599 4203 1633 4257 R.
1649 4204 1662 4274 11

333 4304 410 4354 fabas
428 4301 462 4355 R.
486 4299 500 4368 11
523 4303 636 4351 herbum
655 4316 742 4354 omues
757 4305 896 4369 praetere
927 4300 942 4367 11
965 4303 996 4350 10
1015 4304 1203 4352 consummant
1220 4299 1264 4366 L,
1288 4298 1431 4349 comedant
1448 4298 1483 4352 R.
1506 4298 1521 4368 11
1545 4301 1677 4352 columbis

332 4404 422 4448 autem
441 4400 551 4463 triginta
561 4395 594 4449 R.
610 4395 625 4463 11
641 4400 671 4445 12
690 4402 766 4447 rutae
779 4427 808 4433 -
821 4397 987 4461 suspendore
1006 4410 1048 4447 om
1069 4394 1103 4447 F.
1119 4396 1134 4462 11
1149 4396 1272 4460 pluribus
1284 4392 1338 4462 Ep
1349 4409 1370 4446 s.
1385 4393 1400 4462 11
1416 4395 1447 4445 14
1466 4397 1506 4445 De
1526 4397 1677 4445 turturar'o

332 4492 366 4546 R.
388 4492 402 4561 11
424 4497 454 4543 lb
473 4493 621 4543 columbari
639 4491 761 4545 ΕΡἸ)3
772 4492 811 4545 Pl
821 4491 856 4556 F,
876 4494 1059 4544 columbariae
1075 4490 1111 4556 E,
1131 4490 1297 4540 Columbarii
1315 4494 1405 4540 autem
1421 4488 1455 4542 R.
1477 4488 1491 4555 11
1512 4491 1542 4538 16
1561 4498 1677 4553 possunt

332 4587 378 4641 1²³.
394 4587 407 4656 11
424 4604 469 4638 eas
480 4591 548 4637 onim
560 4586 593 4640 R.
609 4585 623 4653 11
639 4590 669 4636 li
689 4591 752 4650 quia
767 4589 829 4657 (pro
845 4586 962 4652 nam)R.
977 4584 991 4652 11
1008 4588 1038 4634 18
1049 4589 1225 4636 maximcom.
1235 4583 1265 4636 Ε
1285 4583 1299 4652 11
1316 4588 1346 4635 19
1356 4584 1404 4634 sod
1414 4582 1593 4636 modiusLE
1599 4584 1632 4638 R.
1649 4585 1664 4654 11

333 4683 446 4735 diurnus
462 4698 510 4735 om.
526 4682 562 4748 E,
582 4685 725 4734 diuturnus
738 4682 769 4737 V.
788 4682 803 4751 11
827 4685 859 4734 10
876 4699 947 4750 aqna
966 4697 1031 4733 uero
1045 4681 1169 4732 mundior
1185 4682 1266 4734 debet
1284 4684 1322 4732 eis
1332 4683 1489 4746 frequenter
1499 4679 1633 4734 offerriR.
1648 4680 1663 4750 11

332 4781 375 4834 his
388 4778 418 4834 V.
434 4779 449 4851 11
464 4782 588 4831 mundior
605 4777 667 4833 irtel.
685 4794 710 4849 9.
730 4777 745 4848 11
