3742 5542
915 564 955 628 15

833 671 1039 678 ——-—-

329 799 514 881 obruantur,
539 798 643 863 donec
656 798 776 863 munda
793 801 863 863 sine
878 798 1031 862 ruderum
1050 799 1236 880 suspicione
1249 803 1398 858 occurrat
1410 795 1540 880 argilla:

329 932 415 994 quae.
446 915 473 976 si
503 915 631 976 omniuo
662 911 764 996 desit,
799 921 949 996 quartam
981 914 1132 976 mersisse
1161 910 1321 973 sufficiet.
1344 908 1539 974 studendum

328 1019 510 1108 praeterea,
534 1034 570 1088 ut
592 1027 696 1090 hortis
720 1034 753 1090 ct
774 1029 928 1111 pomariis
945 1026 1032 1110 cingi
1050 1026 1156 1108 possit
1174 1031 1230 1087 aut
1246 1026 1348 1107 pratis
1360 1077 1366 1089 .
1380 1023 1439 1087 sed
1451 1032 1540 1087 totus
1585 1023 1605 1085 3

327 1138 472 1202 fabricae
495 1146 619 1203 tractus
642 1142 736 1203 unius
759 1139 870 1204 lateris
885 1139 1098 1224 longitudine,
1122 1140 1154 1200 in
1167 1159 1232 1219 quo
1245 1138 1336 1200 frons
1348 1139 1418 1218 erit,
1442 1139 1541 1201 meri-

282 1269 297 1318 5
329 1250 457 1315 dianam
487 1232 612 1336 partem
642 1255 796 1336 respiciat
817 1255 849 1314 in
870 1255 975 1336 primo
999 1250 1117 1334 angulo
1141 1251 1310 1333 excipiens
1334 1259 1438 1314 ortum
1461 1250 1540 1314 solis

328 1364 455 1430 hiberni
474 1374 508 1429 et
518 1365 684 1450 paululum
701 1366 742 1429 ab
757 1365 926 1428 occidente
941 1371 1110 1428 avertatur
1129 1363 1280 1430 hiemali.
1300 1366 1346 1426 ita
1361 1365 1540 1447 proveniet,

328 1487 364 1541 ut
396 1501 456 1564 per
487 1479 625 1544 hiemem
659 1479 729 1543 sole
763 1478 954 1543 inlustretur
988 1485 1021 1542 et
1055 1477 1181 1540 calores
1215 1478 1285 1539 cius
1318 1484 1445 1541 aestate
1477 1498 1541 1538 non

329 1594 459 1658 sentiat.

414 1824 476 1888 DE
499 1824 717 1890 HIBERNIS
741 1824 801 1889 ΕΤ
824 1824 1034 1932 AESTIVIS
1057 1822 1371 1890 MANSIONIBUS
1394 1823 1454 1888 ΕΤ

761 1979 766 1985 -
787 1937 1081 2005 PAVIMENTIS.

414 2120 535 2186 Forma
556 2131 665 2186 tamen
689 2121 789 2186 debet
811 2143 885 2187 esse
906 2121 1076 2202 eiusmodi,
1099 2129 1135 2184 ut
1153 2120 1195 2184 ad
1212 2120 1445 2185 habitationem
1459 2121 1538 2184 bre·
1560 2120 1623 2185 IX.

327 2236 412 2298 viter
443 2236 608 2300 coniectas
639 2243 672 2300 et
701 2237 819 2301 aestati
853 2245 886 2299 et
914 2236 1013 2299 hiemi
1041 2234 1199 2319 praebeat
1227 2236 1433 2301 mansiones.
1457 2255 1541 2316 quae

228 2416 231 2423 ,
326 2349 424 2410 hiemi
446 2358 623 2433 parantur,
646 2351 693 2412 ita
715 2352 779 2413 sint
802 2350 1020 2431 constitutae,
1048 2356 1084 2410 ut
1105 2349 1211 2432 possit
1234 2369 1290 2412 eas
1312 2348 1439 2411 hiberni
1461 2348 1539 2411 solis

326 2471 414 2526 totus
436 2461 674 2547 propemodum
698 2484 812 2526 cursus
835 2463 1002 2528 hilarare.
1026 2463 1058 2523 in
1081 2462 1131 2524 his
1154 2463 1342 2545 pavimenta
1356 2460 1540 2545 obportuna

263 2593 295 2642 15
326 2597 398 2638 esse
430 2575 617 2639 debebunt.
640 2578 776 2660 primum
808 2577 840 2636 in
871 2575 1005 2639 fabricis
1034 2574 1140 2658 planis
1165 2595 1275 2638 earum
1299 2573 1539 2637 observandum
1584 2575 1603 2634 2

328 2695 387 2767 est,
410 2695 447 2749 ut
464 2689 611 2770 aequalis
632 2697 664 2751 et
681 2687 787 2751 solida
807 2689 1006 2772 contignatio
1025 2687 1093 2768 fiat,
1116 2708 1157 2751 ne
1170 2686 1293 2771 gradus
1305 2686 1539 2749 ambulantium

327 2798 500 2880 trem0r²⁰)
528 2801 672 2863 fabricae
702 2801 871 2864 titubantis
895 2802 1063 2866 excutiat.
1088 2798 1206 2863 deinde
1230 2808 1266 2862 ut
1288 2819 1371 2862 axes
1396 2820 1539 2881 quernae

327 2935 399 2976 enm
429 2913 589 2978 aesculeis
619 2934 683 2975 non
712 2915 928 2975 misceantur.
952 2933 1024 2975 narn
1057 2933 1199 2994 quercus
1229 2932 1343 2973 umore
1370 2919 1540 2995 concepto,

326 3049 399 3090 cum
422 3048 457 3089 se
481 3028 627 3111 coeperit
650 3027 773 3089 siccare
782 3023 819 3107 ²¹)
832 3073 840 3104 ‚
874 3024 1082 3107 torquebitur
1113 3032 1146 3087 et
1175 3026 1273 3087 rimas
1296 3026 1329 3085 in
1351 3027 1539 3107 pavimento

262 3159 294 3206 20
326 3140 440 3202 faciet:
462 3138 614 3202 aesculus
637 3147 746 3200 autem
770 3140 839 3201 sine
856 3140 936 3201 vitio
956 3135 1052 3201 durat
1064 3184 1071 3198 .
1083 3137 1141 3201 sed
1160 3139 1188 3203 si
1208 3157 1331 3219 quercu
1343 3136 1540 3220 subpetente
1585 3137 1605 3198 3

324 3251 476 3315 aesculus
506 3252 603 3329 desit,
636 3251 798 3315 subtiliter
828 3271 969 3333 quercus
997 3259 1129 3315 secetur
1152 3258 1185 3313 et
1207 3258 1415 3312 transversus
1438 3257 1540 3332 atque

365 3555 375 3598 1
397 3552 454 3598 siue
472 3548 600 3598 ruderum
619 3551 772 3613 suspicione
791 3547 934 3601 mundaR.
951 3547 964 3615 Η
988 3550 1173 3612 suspicatione
1183 3546 1219 3599 Ε.
1241 3546 1254 3615 Η
1277 3551 1451 3612 2praeterea
1469 3551 1511 3596 est
1519 3545 1554 3598 R.
1578 3546 1591 3615 Η

260 3646 343 3697 31111
362 3658 411 3695 ora.
422 3643 455 3697 R.
472 3643 484 3712 Η
517 3649 576 3693 tota
593 3642 768 3710 fabricam}
800 3645 939 3692 4tractus
956 3657 1004 3693 oua
1015 3641 1049 3694 R.
1064 3641 1077 3709 Η
1110 3642 1279 3707 longitudino
1298 3643 1391 3697 cura.
1411 3643 1424 3711 Η
1456 3645 1605 3707 baspiciat

259 3739 293 3793 R.
319 3740 331 3808 Η
363 3742 428 3790 solis
447 3741 554 3789 hortum
573 3738 605 3790 L.
616 3740 642 3802 1)
666 3738 678 3806 Η
703 3736 1193 3805 6111111111(131111131111111111)
1213 3738 1246 3791 L.
1271 3737 1285 3807 Η
1309 3743 1393 3789 etita
1410 3738 1444 3791 R.
1462 3740 1475 3807 Η
1500 3738 1604 3802 iquod

259 3833 697 3903 (111011Ηί11111111111111111.
721 3833 733 3901 Η
753 3842 833 3886 nocto
853 3835 917 3903 (pro
935 3834 1053 3899 aestate)
1071 3832 1106 3885 A.
1131 3833 1144 3900 Η
1168 3836 1302 3883 Ssentiet
1318 3832 1345 3885 R
1363 3830 1396 3884 G.
1422 3832 1435 3901 Η
1459 3836 1605 3884 thiberne

261 3937 288 3981 et
307 3935 376 3980 state
394 3930 420 3981 L
436 3930 466 3995 (a
479 3928 575 3997 primu
591 3944 683 3994 11111,
702 3933 711 3978 1
730 3944 743 3979 r
762 3933 770 3978 i
788 3944 874 3996 supra
890 3928 1022 3996 scriptura
1040 3943 1057 3978 a
1075 3925 1212 3995 sectanda).
1237 3926 1250 3995 Η
1276 3934 1303 3978 11
1324 3929 1423 3978 Forma
1441 3928 1605 3977 edititorum

260 4026 370 4077 debebit
394 4042 453 4076 esse
471 4026 504 4079 R.
538 4024 552 4093 Η
583 4025 738 4076 huiusmodi
762 4024 838 4077 LR.
872 4026 885 4092 Η
917 4024 1103 4074 habitudinem
1121 4023 1154 4076 R.
1188 4022 1202 4090 Η
1236 4029 1266 4073 12
1291 4025 1408 4075 collecta
1427 4025 1560 4075 ethieme
1579 4029 1606 4074 et

259 4128 364 4174 aestate
381 4122 416 4189 R,
442 4127 507 4174 stati
534 4125 596 4189 (pro
623 4122 733 4187 aestati)
750 4120 784 4173 L.
808 4120 821 4188 Η
845 4124 890 4184 qui
918 4137 949 4170 ao
968 4119 1018 4186 1³²,
1045 4135 1114 4183 quae
1132 4135 1197 4168 uero
1216 4119 1304 4168 hicme
1322 4118 1356 4171 R.
1381 4118 1394 4187 Η
1428 4123 1460 4171 13
1477 4121 1606 4169 hibernus

258 4221 300 4270 sol
318 4218 353 4273 R.
385 4219 398 4287 Η
431 4221 463 4269 14
482 4220 613 4268 11111111
632 4217 665 4269 L.
699 4215 711 4284 Η
745 4233 804 4266 esse
824 4215 963 4266 debebunt
989 4220 1143 4279 opportuna
1168 4212 1203 4266 R.
1235 4213 1248 4281 Η
1283 4217 1314 4264 16
1332 4217 1501 4267 continuatio
1520 4216 1554 4269 R.
1579 4215 1592 4284 Η

259 4318 444 4368 ambulantum
466 4312 554 4366 VP³.
579 4312 591 4379 Η
609 4317 639 4363 11
657 4320 800 4363 tremorem
820 4308 882 4362 GR
899 4324 946 4376 qa.
972 4307 985 4378 Η
1010 4312 1132 4359 excutiat
1151 4309 1310 4358 titubantem
1331 4308 1365 4360 R.
1395 4309 1409 4378 Η
1434 4314 1465 4362 18
1484 4314 1605 4362 exculeis

258 4413 292 4465 R
322 4411 342 4480 Η
373 4415 519 4460 misceatur
537 4410 562 4462 L
579 4410 608 4474 (a
625 4424 708 4462 ortana
723 4407 830 4474 priua,
857 4407 883 4455 N
900 4419 987 4472 supra
1004 4404 1136 4470 scriptum
1153 4402 1325 4471 caecando).
1357 4403 1370 4473 Η
1403 4407 1435 4457 19
1454 4422 1483 4456 se
1502 4412 1604 4458 siccare

259 4507 422 4574 coeperitR‚
441 4510 563 4571 coeperit
581 4509 678 4556 siccari
695 4520 741 4573 98.
757 4504 770 4572 Η
785 4509 926 4566 torquetur
946 4498 1050 4552 codices
1062 4503 1174 4567 practer
1191 4497 1225 4553 G.
1242 4498 1254 4567 Η
1270 4504 1303 4549 10
1321 4503 1387 4552 facit
1404 4501 1511 4569 111121
1534 4506 1606 4556 desit

259 4607 372 4656 exculus
382 4605 415 4664 R.
431 4604 444 4673 Η
469 4608 586 4653 siccetur
604 4601 634 4654 Ε
641 4601 666 4654 G
676 4601 710 4654 R.
727 4600 740 4669 Η
763 4606 920 4651 transuersa
938 4597 973 4650 R.
989 4597 1001 4665 Η

363 4742 391 4810 *)
409 4742 453 4796 Dc
472 4741 564 4796 codice
581 4741 607 4794 L
624 4739 694 4807 uide,
712 4737 784 4807 qaod
802 4752 887 4806 supro
905 4735 1036 4790 dicimus.
