3742 5542
909 589 981 655 XII

376 827 414 888 In
443 827 548 889 eodem
575 847 686 907 ponere
716 833 759 889 est
786 827 995 890 nurnerandus
1024 827 1122 890 cadon
1151 826 1182 887 F
1206 827 1225 890 i.
1258 846 1282 888 e.
1327 825 1525 888 Florentinns
1554 826 1620 888 sine

273 940 502 1004 Laurentianus
518 939 568 1019 47,
587 939 639 1017 33,
662 939 922 1020 1111111111111111111,
944 960 1040 1001 manu
1060 943 1200 1022 scriptus,
1225 939 1340 1000 soeculi
1361 939 1450 1019 XIII,
1465 939 1620 1020 soliorum

274 1051 536 1136 scriptorum57,
561 1053 771 1115 columnarum
793 1053 831 1134 2,
859 1072 1001 1114 uersuum
1023 1051 1082 1131 36,
1112 1054 1145 1113 in
1167 1056 1276 1134 quarto
1293 1049 1355 1129 ⁴⁹).
1382 1053 1529 1134 postremi
1543 1052 1621 1132 solii

273 1167 491 1248 scripturalia
515 1167 651 1245 evanuit,
680 1172 713 1227 ut
740 1167 792 1228 oin
815 1166 874 1246 lepi
890 1166 1009 1247 possit.
1033 1165 1136 1226 insunt
1157 1165 1270 1227 multae
1292 1163 1619 1248 interpolationes⁵⁰).

382 1277 477 1340 Tertii
505 1280 626 1358 penoris
660 1298 722 1341 esse
755 1280 846 1341 etiam
877 1279 1012 1340 codicem
1044 1275 1071 1341 d
1099 1279 1120 1342 i.
1146 1297 1170 1340 e.
1215 1277 1467 1358 Dupdunensom,
1499 1279 1551 1360 qui
1580 1277 1619 1339 ab

275 1391 300 1455 I.
323 1391 379 1452 Fr.
407 1389 562 1452 Gronooio
585 1390 722 1452 conlatus
745 1396 798 1470 ost,
822 1411 861 1453 en
882 1391 983 1452 niultis
1006 1391 1136 1473 adparet
1158 1390 1302 1468 locis⁵¹).

377 1503 552 1584 Lectiones,
582 1523 658 1586 quus
683 1502 811 1586 praebet
839 1501 871 1562 A
898 1504 919 1566 i.
950 1522 973 1564 e.
1019 1499 1154 1583 Anpelus
1183 1501 1369 1583 Politianus,
1400 1502 1534 1583 efficiunt
1565 1508 1620 1563 aul

275 1616 393 1678 codices
405 1615 608 1696 Florentinos,
633 1637 671 1679 en
694 1616 800 1700 qulbus
821 1616 871 1678 ille
895 1616 1004 1694 bausit,
1026 1616 1087 1677 iam
1110 1615 1307 1697 interpolatos
1322 1615 1423 1695 fuisse
1445 1621 1497 1677 aut
1519 1616 1620 1697 ipsum

275 1730 467 1793 coniecturas
481 1728 666 1811 seaisse⁵²).

383 1841 437 1905 Eoo
469 1843 575 1905 eodem
606 1862 677 1905 uero
702 1843 808 1924 fonte,
841 1863 879 1904 en
911 1862 970 1925 quo
1003 1841 1100 1905 coden
1129 1839 1365 1904 Vindobonensis
1386 1840 1495 1918 fluuit,
1527 1840 1620 1902 libros

276 1957 498 2038 manuscriptos
521 1956 601 2018 tertii
621 1956 741 2036 poneris
765 1974 922 2017 emanasse
941 1953 1101 2036 probabile
1125 1950 1239 2032 est⁵³).

383 2065 533 2144 Quartum
559 2088 655 2150 penus
686 2069 798 2149 estid,
829 2069 914 2130 cuius
938 2067 1056 2130 codices
1079 2067 1200 2129 licentia
1223 2072 1313 2148 atquc
1335 2065 1620 2149 interpolationibus

277 2186 402 2243 scatent·

381 2292 418 2355 In
440 2313 475 2356 eo
496 2314 624 2357 numero
648 2300 690 2357 esl
713 2294 810 2357 codeoc
828 2293 858 2354 R
874 2295 894 2358 i.
916 2313 940 2355 e.
964 2293 1122 2356 Romanus
1144 2294 1207 2355 siae
1232 2292 1394 2356 Vaticanus
1411 2291 1504 2368 2193,
1527 2311 1619 2354 mem-

279 2406 458 2487 branaceas,
481 2427 575 2468 mmm
587 2409 724 2490 scriptus,
737 2407 851 2468 soeculi
860 2405 930 2487 XV,
947 2406 1099 2486 foliorum
1116 2404 1189 2487 156,
1206 2406 1416 2469 columnarum
1431 2406 1461 2485 2,
1478 2426 1620 2468 uersuum

279 2516 333 2594 52,
355 2518 389 2579 in
403 2518 498 2599 solio,
523 2539 582 2602 quo
604 2539 667 2582 non
688 2519 786 2582 solum
807 2517 950 2581 Palladii
972 2517 1014 2581 de
1036 2521 1226 2602 praeceptis
1249 2521 1296 2582 rei
1318 2520 1460 2582 rusticae
1482 2520 1552 2582 siue
1577 2517 1619 2582 de

281 2630 478 2715 agricultura
501 2630 574 2694 libri
590 2630 801 2707 tredecim⁵⁴)
825 2633 879 2695 sed
902 2633 992 2694 etiam
1016 2632 1079 2693 alia
1102 2651 1197 2714 eaque
1220 2632 1341 2695 diuersa
1364 2633 1565 2712 continentur,
1587 2637 1620 2693 ul

280 2742 369 2806 Lucii
390 2743 514 2826 Apulrp'i
534 2742 752 2808 Madaurensis
776 2744 822 2807 De
845 2745 900 2808 deo
924 2742 1076 2826 Socratis,
1101 2744 1235 2807 eiusdem
1257 2745 1305 2809 De
1329 2746 1450 2828 dialopo
1474 2744 1621 2807 Mercurii

285 2854 472 2936 Trismepisli
493 2858 545 2939 qui
568 2860 658 2920 etiarn
681 2855 841 2941 Asclepius
863 2858 1086 2940 denominatur,
1111 2860 1246 2922 eiusdem
1261 2858 1309 2922 De
1327 2859 1465 2934 Platone,
1488 2857 1620 2920 eiusdem

282 2966 373 3030 Liber
387 2969 428 3031 ad
443 2968 600 3050 Faustum,
625 2972 758 3034 eiusdem
777 2971 974 3035 B'loridorum
996 2972 1065 3034 libri
1081 2971 1137 3052 IV,
1160 2973 1294 3035 eiusdem
1311 2971 1359 3034 De
1375 2973 1478 3051 inopia
1494 2969 1564 3032 libri
1579 2970 1619 3049 Il,

282 3081 414 3144 eiusdem
437 3082 723 3166 Melarnorpboseon
745 3084 814 3146 libri
829 3085 870 3165 X,
897 3084 1053 3148 Ciceronis
1078 3082 1185 3149 Oratio
1203 3105 1264 3168 pro
1287 3082 1329 3144 M.
1348 3080 1511 3161 Marcello,
1534 3079 1622 3143 Serti
1698 3151 1700 3154 ¹

281 3192 352 3255 Iulii
374 3192 517 3257 Frontini
539 3194 783 3278 Strotepemalon
805 3196 874 3259 libri
895 3197 957 3279 IV,
980 3197 1085 3260 Flaoii
1107 3198 1219 3277 Vepetii
1234 3195 1392 3277 Epitomes
1414 3196 1461 3256 rei
1482 3193 1622 3255 militaris

282 3306 352 3368 libri
380 3307 412 3388 V,
439 3306 594 3371 Ciceronis
619 3306 725 3373 Oratio
745 3330 805 3392 pro
831 3308 866 3391 Q.
888 3310 1025 3391 Lipario,
1049 3310 1205 3389 Anonymi
1227 3307 1450 3371 obseruationes
1471 3306 1622 3390 quaedum

384 3520 417 3586 ⁴⁰)
435 3518 544 3573 Contuli
561 3518 720 3572 Florentiae
744 3533 829 3572 mense
847 3518 942 3587 Aprili
966 3517 1033 3570 anui
1051 3517 1124 3584 1875,
1142 3515 1172 3567 iu
1189 3515 1237 3568 boc
1255 3512 1345 3567 codice
1364 3528 1451 3567 coines
1468 3513 1552 3575 locos,
1576 3510 1623 3578 qui

282 3614 313 3667 in
330 3614 396 3667 aliis
413 3613 552 3668 codicibus
569 3630 587 3666 a
604 3629 643 3667 me
661 3614 718 3666 iam
735 3613 852 3668 conlatis
870 3629 888 3664 a
905 3612 1016 3682 culpari
1034 3610 1145 3664 lectione
1163 3610 1377 3678 discrepueront.

325 3749 328 3754 .
385 3711 417 3778 ⁶⁰)
438 3716 503 3776 1,1,
524 3716 536 3758 1
558 3713 733 3775 11-111111,
756 3715 777 3773 1,
796 3714 822 3773 4,
841 3712 942 3759 211111
961 3710 1057 3774 ethis,
1078 3714 1101 3774 1,
1121 3710 1145 3770 6,
1164 3712 1179 3757 3
1199 3709 1311 3772 electus,
1333 3711 1356 3771 1,
1376 3709 1400 3772 6,
1421 3710 1434 3754 1
1453 3707 1621 3756 1111111111-

283 3812 311 3857 11
326 3808 463 3872 voluptati
478 3812 505 3856 et
522 3807 642 3871 utilitati,
663 3809 685 3870 1,
705 3806 745 3870 11,
768 3808 779 3853 1
797 3805 984 3870 perpluuium,
1005 3808 1027 3866 1,
1049 3806 1089 3868 15,
1109 3808 1120 3852 1
1140 3802 1339 3868 subiungenda,
1360 3806 1381 3865 1,
1402 3804 1443 3867 18,
1462 3805 1476 3850 2
1493 3803 1624 3866 longiore,

285 3908 308 3966 1,
327 3906 368 3968 26,
388 3908 401 3951 2
422 3904 526 3953 ardore.

387 4000 418 4065 ⁶¹)
440 4003 461 4063 1,
481 4002 505 4063 1,
524 4003 539 4048 2
555 4016 570 4049 e
588 4000 679 4062 1111111,
705 4002 728 4060 1,
747 4001 771 4062 4,
793 4003 804 4045 1
825 3998 1012 4062 cognoscitur,
1039 3999 1061 4060 1,
1079 3999 1105 4059 4,
1125 3997 1138 4043 2
1158 4001 1239 4059 atque
1257 3995 1368 4061 11111111,
1389 3998 1413 4060 1,
1433 3997 1457 4060 6,
1477 3998 1492 4043 3
1512 3995 1624 4057 electus,

286 4095 307 4154 1,
327 4096 351 4157 6,
370 4098 384 4142 4
403 4095 519 4158 regioni,
546 4098 569 4157 1,
589 4095 613 4159 6,
633 4093 810 4158 lictoribus,
837 4094 860 4156 1,
880 4095 904 4156 6,
924 4096 939 4141 8
958 4091 1067 4156 tributi,
1097 4092 1122 4154 1,
1141 4093 1164 4152 1,
1184 4094 1199 4138 2
1217 4093 1428 4155 pastinatorum,
1449 4096 1473 4154 1,
1493 4094 1517 4155 8,
1536 4094 1552 4139 2
1570 4089 1623 4139 111-

284 4194 392 4252 quanto.
809 4208 821 4235 ο

387 4286 418 4351 ⁶²)
439 4286 465 4346 1,
486 4287 516 4347 2,
538 4288 548 4332 1
570 4285 701 4348 salubris,
722 4289 745 4349 1,
765 4286 788 4347 3,
809 4287 821 4331 1
842 4287 864 4332 si
883 4286 969 4349 enim,
990 4287 1014 4362 1,
1033 4285 1057 4346 3,
1078 4285 1091 4332 1
1112 4285 1253 4346 1111111111,
1274 4283 1296 4343 1,
1316 4285 1340 4343 1,
1361 4284 1371 4330 1
1396 4286 1517 4345 tempore
1532 4292 1622 4327 --suo

284 4380 394 4446 frigore,
416 4385 435 4441 1,
455 4383 479 4444 5,
499 4383 631 4446 3111111111,
653 4384 675 4445 1,
694 4382 717 4441 6,
737 4382 834 4443 Aquae
852 4382 974 4428 inuenies
991 4384 1080 4427 aratro
1091 4381 1291 4442 praetermissa,
1312 4380 1333 4438 1,
1353 4377 1377 4442 6,
1395 4380 1494 4427 iterra
1502 4375 1622 4424 iubetur.

388 4476 419 4542 ⁶³)
439 4479 468 4543 1,
487 4475 516 4539 5,
536 4475 551 4522 5
570 4476 660 4538 aliquo
679 4476 749 4526 111111
767 4477 885 4538 auxilio,
906 4480 928 4538 1,
949 4479 973 4538 6,
992 4478 1007 4522 3
1026 4474 1147 4538 electus,
1175 4478 1198 4538 1,
1218 4477 1242 4538 6,
1262 4479 1277 4522 4
1296 4475 1410 4537 quaein
1428 4473 1515 4521 uineis
1534 4476 1623 4519 aratra

284 4575 476 4638 praetermissa
494 4576 570 4636 sunt,
593 4575 621 4634 1,
641 4572 663 4631 6,
684 4575 698 4619 8
718 4571 801 4636 uber,
823 4575 846 4635 l,
866 4571 891 4635 6,
910 4572 925 4619 9
946 4571 1107 4633 acinatium,
1127 4573 1150 4632 1,
1171 4573 1195 4633 1,
1215 4573 1230 4618 3
1249 4568 1326 4633 uigor
1344 4569 1484 4631 erigescat,
1507 4567 1530 4628 1,
1550 4567 1589 4626 10,
1610 4567 1621 4610 1

285 4669 416 4734 possidet,
437 4670 460 4730 1,
483 4669 521 4729 13,
542 4668 658 4714 21111111.

390 4761 421 4828 ⁵⁴)
440 4758 548 4814 Ooutuli
565 4759 665 4814 uanae
683 4773 767 4815 mense
785 4758 881 4831 Aprili
899 4758 967 4812 anui
985 4760 1052 4811 1875
1070 4757 1169 4812 librum
1181 4757 1310 4827 primum.
