3742 5542
800 930 862 993 DE
885 930 1044 995 CORTE.

405 1114 488 1180 Cors
510 1114 553 1178 ad
576 1116 742 1179 meridiem
765 1123 879 1198 pateat
901 1123 934 1178 et
958 1114 1087 1178 obieeta
1120 1118 1162 1177 sit
1190 1114 1267 1194 soli,
1299 1116 1375 1196 quia
1400 1113 1527 1176 facilius
1550 1100 1659 1172 XXII

315 1232 377 1292 erit
397 1238 531 1313 propter
555 1250 611 1309 ca,
635 1250 718 1310 quae
741 1232 860 1307 insunt,
884 1227 1036 1290 animalia
1058 1227 1100 1289 ad
1123 1229 1258 1290 aestatis
1281 1225 1527 1310 temperandum

315 1339 456 1403 calorem
479 1342 624 1423 porticus
647 1341 763 1419 furciS,
795 1341 963 1403 asseribus
988 1349 1020 1403 et
1042 1340 1159 1403 frende
1184 1341 1334 1413 formari,
1366 1361 1449 1422 quac
1473 1337 1527 1400 vel

266 1470 283 1519 t
312 1452 468 1516 scindulis
491 1453 559 1533 vel,
589 1456 617 1515 si
640 1455 734 1537 copia
757 1452 920 1536 subpetit,
953 1453 1074 1536 tegulis
1098 1453 1168 1527 vel,
1201 1456 1228 1516 si
1250 1453 1378 1516 facilius
1402 1460 1437 1515 et
1458 1454 1528 1514 siue

312 1568 450 1650 inpensa
472 1566 643 1650 placuerit,
667 1574 819 1650 tegentur
843 1566 1001 1628 caricibus
1024 1574 1081 1628 ant
1102 1568 1255 1650 genestis.

1281 1653 1288 1679 t

770 1808 832 1871 DE
855 1807 1069 1874 AVIARIIS.

426 1990 522 2057 Circa
560 1995 703 2078 parietes
742 1995 842 2055 cortis
883 2003 1048 2056 extremus
1088 1996 1210 2057 aviaria
1251 1992 1403 2058 facienda
1444 2000 1528 2070 sunt,
1551 1988 1676 2054 XXIII

313 2108 390 2189 quia
411 2113 537 2170 stercus
559 2107 667 2168 avium
685 2108 828 2168 maxime
845 2108 1064 2169 necessarium
1078 2115 1129 2169 cst
1144 2106 1364 2191 agriculturae
1384 2113 1525 2188 excepto

246 2236 281 2289 10
311 2240 463 2283 anserum
485 2219 676 2295 laetamine,
700 2218 787 2300 quod
811 2221 891 2282 satis
915 2219 1063 2283 omnibus
1086 2222 1248 2281 inimicum
1273 2226 1346 2281 est.
1371 2217 1428 2281 sed
1452 2217 1524 2281 lae-

310 2328 480 2416 tamina³⁸)
504 2337 706 2394 caeterarum
730 2334 837 2393 avium
862 2334 1003 2395 maxime
1026 2334 1213 2396 necessaria
1237 2339 1321 2394 sunt.

707 2574 769 2637 DE
794 2573 1107 2638 COLUMBARIO.

401 2753 644 2820 Columbarium
681 2779 759 2820 vere
799 2766 908 2840 petest
946 2761 1095 2841 accipere
1134 2758 1281 2821 sublimis
1321 2781 1385 2821 una
1425 2760 1526 2820 turri·
1550 2756 1672 2821 XXIV

312 2869 387 2933 cula
414 2870 448 2931 in
476 2872 640 2952 praetorio
665 2874 840 2933 constit-uta
861 2871 1015 2954 levigatis
1038 2892 1077 2933 ae
1100 2871 1261 2934 dealbatis
1284 2871 1473 2955 parietibus,
1496 2874 1528 2932 in

240 3054 449 3063 -—--—-—·

346 3160 448 3214 ICors
474 3192 508 3200 -
533 3164 676 3214 obire...
706 3180 774 3227 quae
802 3170 893 3214 insunt
916 3168 1078 3216 animalibus
1103 3168 1135 3217 ad
1162 3171 1344 3216 aestatis...,
1364 3172 1486 3231 porticus
1506 3168 1588 3217 furcis

243 3260 381 3311 asseribus
400 3266 428 3309 et
446 3258 541 3308 fronde
552 3292 559 3307 .
570 3297 575 3308 .
586 3296 592 3307 .
603 3296 609 3307 .
621 3262 663 3309 uel
684 3260 813 3310 scindulis
830 3263 873 3311 uel
893 3264 916 3310 si
935 3266 1014 3325 eopia
1032 3266 1222 3326 suppetit....
1240 3263 1297 3313 sine
1317 3267 1438 3327 impensa
1456 3265 1589 3327 placuerit

244 3362 326 3421 tegeri
335 3390 342 3405 .
351 3394 359 3407 .
368 3392 375 3406 .
384 3390 392 3403 .
402 3354 454 3419 P’,
472 3354 518 3419 (et.
529 3356 746 3419 praemunirem),
765 3354 845 3406 crn'us
854 3353 958 3407 codicis
967 3355 995 3406 in
1009 3355 1099 3420 infimo
1110 3357 1231 3425 ›rrnrpr'nr
1240 3358 1319 3409 etium
1333 3357 1412 3409 rerba
1423 3363 1513 3422 capiat
1523 3392 1530 3406 .
1539 3360 1588 3407 fri-

246 3466 299 3517 gus
315 3451 437 3515 repellat
464 3450 514 3499 His
532 3466 599 3499 vero
617 3448 742 3517 leyuntur
760 3466 820 3502 cnm
835 3451 928 3518 priore
953 3451 1031 3519 alyne
1049 3452 1265 3505 intercelutimris
1282 3453 1359 3520 eique
1374 3452 1511 3520 posterius
1528 3457 1590 3505 unte

245 3560 314 3612 quae
331 3542 474 3613 respondet
489 3543 520 3595 in
536 3544 664 3611 exemplu,
683 3544 756 3612 «prensi
774 3545 851 3597 uredo
869 3546 1000 3614 scriptu-nr
1018 3553 1063 3600 eu.
1083 3548 1229 3600 Praeterea
1244 3548 1309 3612 finis
1319 3548 1420 3615 eapitis
1429 3548 1591 3616 insequentis

243 3638 406 3705 aufferatur.
425 3638 570 3692 Gurtisete.
590 3646 653 3704 qnia
671 3644 767 3692 melius
786 3645 947 3693 animalibus
966 3658 1035 3706 quae
1053 3647 1143 3693 insunt
1162 3647 1187 3692 in
1207 3660 1285 3708 pente
1304 3653 1332 3697 et
1349 3650 1461 3695 aestatis
1474 3649 1590 3695 calorem

243 3736 415 3803 reparabitur
430 3740 537 3801 porIIeu
557 3740 640 3788 lureis
650 3740 787 3788 asseribus
806 3741 875 3803 palis
895 3746 922 3789 et
941 3741 1036 3789 l'rmnle
1056 3742 1172 3790 surmate
1184 3743 1227 3789 nel
1247 3745 1345 3806 tegulis
1364 3757 1433 3805 quae
1452 3744 1496 3791 uel
1515 3747 1591 3793 sein-

247 3830 320 3881 tlulis
337 3830 432 3881 eludi.
449 3830 574 3885 coteste.
591 3835 655 3893 seli,
675 3850 728 3897 qun
748 3836 854 3884 l'aeilins
873 3836 961 3885 lrirrnc
981 3837 1097 3900 aliquem
1118 3842 1238 3900 teporem
1258 3840 1403 3901 crnreipiat,
1421 3844 1533 3901 prepter
1552 3856 1592 3903 ea,

247 3926 439 3991 quasillum,
456 3930 596 3994 animalia,
624 3930 722 3993 quibus
742 3933 823 3978 etiam
842 3931 875 3978 ad
894 3935 941 3982 etc.
962 3933 1069 3980 lerinari
1089 3933 1197 3995 debent,
1224 3947 1293 3994 quae
1313 3933 1355 3980 rel
1375 3932 1522 3999 seandnlis‚
1548 3936 1592 3984 vel

249 4020 290 4079 (si
308 4022 387 4085 eupit
402 4024 534 4089 suppetill
553 4027 667 4091 tegnlis,
692 4026 735 4074 rel
755 4024 790 4091 (si
810 4028 916 4075 lucillus
942 4033 968 4076 et
994 4031 1051 4076 stne
1071 4031 1192 4092 impensa
1209 4029 1352 4092 placuerit)
1377 4034 1502 4090 legentur
1520 4033 1592 4079 euri-

248 4116 329 4165 cibus
352 4122 400 4167 aut
422 4122 532 4181 genIstis
549 4136 596 4187 98.
618 4117 633 4185 Η
656 4124 719 4184 qnia
746 4122 852 4171 l'aeilius
880 4126 931 4171 erit
956 4137 1007 4172 eall.
1030 4122 1059 4172 l·.'.
1084 4123 1097 4188 Η
1123 4127 1136 4171 3
1166 4125 1206 4172 Ins
1232 4139 1295 4171 uere
1321 4138 1390 4186 quae
1416 4127 1507 4175 insunt
1531 4129 1593 4175 ani-

246 4212 369 4263 malibus
387 4212 597 4280 (poslanlnralia)
617 4214 742 4267 arlrlr'llt'.
768 4214 781 4281 ΙΙ
805 4221 820 4264 4
840 4220 948 4267 l'ermari
959 4218 1058 4267 debent
1068 4218 1147 4270 eliam
1158 4217 1191 4280 G,
1213 4220 1542 4283 l‘nrmetnr(?)rlebcrrtA
1565 4220 1579 4288 Η

246 4314 261 4359 5
282 4308 329 4359 vel
352 4304 376 4357 si
402 4311 481 4371 eopia
505 4314 625 4375 suppetit
649 4325 697 4362 erra
716 4311 762 4364 1¹¹.
787 4311 802 4379 Η
831 4320 845 4361 8
872 4318 955 4364 curtis
979 4319 1098 4378 parietes
1120 4316 1151 4364 lt.
1176 4312 1189 4379 Η
1215 4319 1229 4363 9
1249 4322 1371 4366 stercora
1388 4346 1421 4352 —
1441 4319 1594 4365 necessaria

243 4408 310 4453 sunt
328 4402 363 4453 R.
386 4400 403 4471 Η
428 4406 459 4452 10
473 4400 500 4455 L
514 4418 600 4471 snpra
618 4407 763 4457 laetamiue
782 4406 860 4458 babel
878 4409 903 4458 id
924 4415 966 4457 est
985 4408 1055 4459 lime.
1077 4407 1090 4475 Η
1118 4413 1216 4459 lnimnn
1232 4409 1280 4474 1¹²,
1300 4417 1342 4460 est
1361 4411 1483 4460 onrrribns
1503 4414 1594 4460 inimi-

244 4512 307 4549 cum
317 4497 352 4548 R.
373 4494 388 4565 Η
413 4498 568 4551 habitacula
586 4516 674 4553 eilanes
691 4501 793 4555 cedices
811 4518 871 4554 enm
887 4519 935 4570 ps.
961 4502 976 4571 Η
1003 4508 1031 4553 lt
1052 4521 1104 4568 qne
1126 4507 1232 4554 facilius
1252 4508 1339 4557 bieme
1358 4508 1474 4557 calorem
1496 4507 1595 4571 capiat,

245 4596 331 4659 frigus
348 4594 467 4659 repellet
483 4592 565 4647 adcltt
583 4599 657 4665 (pest
675 4600 749 4663 sunt)
772 4599 818 4661 P³,
839 4599 864 4647 nl
890 4606 945 4665 est,
970 4616 1022 4663 qna
1049 4602 1153 4649 l'arilins
1172 4609 1223 4650 ele.
1248 4601 1277 4652 ln'.
1303 4598 1316 4666 Η
1344 4605 1372 4651 13
1392 4603 1594 4651 (solumina-ium

244 4688 404 4753 aeupntn.
428 4686 443 4757 Η
471 4694 503 4739 14
521 4692 649 4758 leutgans
668 4712 699 4746 ae
719 4695 852 4747 dealbatis
870 4698 1020 4761 parietibus
1040 4701 1185 4748 constituta
1206 4698 1239 4750 R.
1264 4696 1277 4764 Η
1303 4699 1438 4762 inquibus
1457 4727 1485 4734 -
1505 4699 1595 4763 parti-

243 4782 447 4854 wmfflss
