3742 5542
917 656 935 717 6

295 896 439 972 partem,
469 909 556 971 quae
586 911 685 972 supra
708 897 783 952 sunt
806 899 981 975 conrupta,
1012 892 1202 974 demittunt,
1232 902 1268 956 ut
1290 894 1405 958 vitiato
1429 899 1536 980 capite

295 1000 337 1065 ad
366 1001 538 1086 pulmones
576 1001 629 1066 vel
664 1004 866 1068 stomachum
896 1005 1002 1068 morbi
1032 1028 1130 1070 causa
1163 1007 1330 1071 decurrat:
1365 1016 1440 1072 tunc
1470 1010 1536 1073 cul-

295 1115 423 1199 pandus
454 1136 510 1179 aer
539 1116 648 1199 potius
672 1118 835 1179 iuvenitur
859 1153 898 1162 -
923 1117 1042 1182 deinde
1064 1122 1092 1182 si
1115 1129 1230 1184 venter
1253 1129 1309 1185 aut
1331 1123 1459 1185 viscera
1481 1123 1535 1186 vel

294 1230 399 1294 latera
427 1228 482 1293 vel
511 1251 607 1294 renes
635 1229 725 1293 nullo
756 1229 870 1293 dolore
900 1238 957 1294 aut
985 1233 1151 1296 inflatione
1181 1241 1362 1314 vexantur,
1398 1237 1425 1298 si
1455 1238 1534 1299 vitia

293 1342 382 1407 nulla
411 1344 542 1406 vesicae
571 1351 661 1422 sunt,
692 1342 774 1406 haec
803 1351 903 1425 atque
933 1345 983 1407 his
1012 1345 1130 1408 similia
1157 1348 1186 1409 si
1217 1347 1304 1429 apud
1327 1347 1450 1411 incolas
1473 1370 1532 1432 pro
1583 1370 1597 1414 a

293 1458 408 1520 maiori
426 1465 519 1540 parte
540 1464 690 1519 constare
704 1454 835 1535 videris,
858 1476 919 1519 nec
943 1455 993 1547 de.
1005 1478 1082 1521 aere
1104 1457 1228 1539 aliquid
1250 1477 1312 1521 nec
1331 1458 1371 1522 dc
1388 1459 1533 1523 fontibus

294 1571 468 1655 suspiceris
479 1570 524 1652 ⁵).
1320 1580 1323 1589 '

600 1819 658 1884 Du
683 1818 952 1899 QUALITATE
977 1819 1247 1889 TERRARUM.

250 1978 281 2041 V
358 1977 397 2040 In
429 1980 525 2041 terris
560 1998 640 2041 vero
676 1976 864 2059 quaerenda
896 1978 1099 2060 fecunditas,
1133 2001 1174 2042 nc
1206 1980 1281 2043 alba
1311 1988 1343 2044 et
1374 1979 1461 2043 nuda
1492 1982 1534 2042 sit

293 2091 408 2178 gleba,
437 2112 479 2154 ne
507 2112 617 2154 macer
649 2090 763 2154 sabulo
787 2092 857 2154 sinc
880 2090 1083 2156 admixtione
1106 2096 1243 2174 terreni,
1273 2114 1314 2155 ne
1338 2101 1429 2155 creta
1451 2092 1531 2172 sola,
1566 2111 1597 2158 10

292 2227 333 2269 ne
356 2206 498 2268 harenae
521 2203 720 2287 squalentes,
744 2224 785 2266 ne
808 2206 915 2267 ieiuna
938 2204 1060 2289 glarea,
1083 2226 1124 2267 ne
1147 2208 1256 2267 aurosi
1279 2204 1428 2288 pulveris
1447 2206 1533 2288 lapi-

294 2317 376 2381 dosa
398 2318 536 2395 macies,
566 2337 607 2379 ne
638 2316 726 2378 salsa
752 2315 806 2379 vel
835 2338 962 2391 amara,
991 2336 1031 2378 ne
1056 2316 1218 2400 uliginosa
1242 2325 1343 2397 terra,
1377 2339 1419 2379 ne
1441 2317 1531 2379 tofus

292 2431 473 2494 harenosus
503 2437 602 2511 atque
632 2430 777 2510 ieiunus,
806 2450 847 2492 ne
877 2429 973 2491 vallis
1001 2430 1095 2490 nimis
1125 2448 1229 2510 opaca
1259 2437 1292 2491 et
1320 2428 1441 2507 solida,
1471 2428 1531 2490 sed

296 2543 392 2623 gleba
414 2544 519 2626 putris
551 2550 584 2605 et
605 2541 677 2604 fere
699 2543 793 2625 nigra
817 2541 914 2604 etad
937 2538 1112 2624 tegendam
1136 2561 1172 2603 sc
1195 2543 1348 2624 graminis
1372 2543 1421 2604 sui
1445 2547 1533 2603 crate

294 2654 460 2741 sufficiens
496 2661 554 2716 aut
585 2654 680 2715 mixti
703 2652 837 2734 coloris,
879 2674 964 2734 quae
988 2652 1050 2714 etsi
1072 2672 1146 2713 rara
1168 2654 1226 2732 sit,
1267 2660 1375 2716 tamen
1405 2655 1532 2736 pinguis
1567 2672 1597 2720 15

188 2806 192 2813 ·
251 2773 270 2833 2
294 2768 356 2835 soli
378 2767 585 2831 adiunctione
610 2765 808 2850 glutinetur.
833 2786 917 2848 quae
940 2763 1129 2848 protulerit,
1158 2784 1218 2827 nec
1247 2765 1363 2829 scabra
1386 2769 1450 2828 sint
1472 2788 1533 2828 nec

291 2881 453 2947 retorrida
475 2890 541 2945 nec
558 2883 627 2944 suci
650 2881 807 2944 naturalis
832 2882 1091 2965 egentiaferat,
1115 2880 1204 2963 quod
1227 2882 1400 2944 frumentis
1419 2879 1532 2943 dandis

290 2996 370 3060 utile
389 2998 514 3079 signum
534 2997 585 3076 sit,
609 2992 750 3075 ebulum,
773 2996 913 3072 iuncum,
937 2994 1107 3072 calamum,
1130 3015 1273 3076 gramen,
1291 2991 1447 3055 trifolium
1465 3014 1529 3054 non

288 3130 449 3187 macrum,
472 3108 572 3171 rubos
595 3109 741 3191 pingues,
765 3128 870 3189 pruna
892 3107 1077 3171 silvestria.
1091 3105 1181 3169 color
1203 3115 1310 3169 tamen
1329 3127 1393 3168 non
1411 3127 1530 3190 magno

247 3225 267 3288 3
290 3242 391 3308 opere
413 3219 620 3303 quaerendus
644 3228 703 3300 est,
727 3218 785 3282 sed
808 3219 973 3303 pinguedo
997 3227 1096 3302 atque
1120 3218 1282 3284 dulcedo.
1306 3221 1458 3303 pinguem
1483 3220 1529 3279 sic
1562 3236 1593 3282 ro

288 3334 498 3421 agnosccs⁶).
523 3332 652 3417 glebam
669 3332 838 3416 parvulam
857 3331 943 3394 dulci
966 3354 1052 3414 aqua
1075 3333 1267 3415 conspargis
1280 3330 1307 3412 ⁷)
1333 3339 1365 3392 ct
1387 3332 1528 3415 subigis:

351 3580 362 3629 t
385 3579 523 3629 dimittunt
540 3577 581 3629 P²
601 3577 632 3642 (c
646 3574 740 3643 primo
757 3590 854 3640 manci,
883 3576 1029 3625 demittunt
1047 3589 1065 3623 c
1083 3573 1213 3638 secunda)
1237 3573 1267 3646 V,
1292 3575 1428 3625 dimittant
1445 3575 1482 3639 F,
1501 3580 1594 3624 trans-

245 3680 357 3727 mittunt
365 3673 399 3726 R.
421 3673 434 3742 Η
455 3671 654 3737 uictimari,
672 3678 719 3721 aut
736 3678 766 3722 ut
784 3671 820 3736 E,
839 3677 870 3721 ut
888 3675 911 3720 si
929 3670 978 3736 Pl,
1005 3673 1053 3720 sed
1073 3674 1096 3719 si
1113 3685 1140 3736 3,
1159 3676 1189 3721 ut
1208 3677 1236 3720 ct
1254 3671 1381 3720 decurrat
1397 3668 1516 3721 accludit
1532 3687 1557 3737 9.
1578 3671 1590 3738 Η

246 3768 471 3822 accremari.
491 3767 512 3837 ,Η
540 3769 728 3817 3iuveniatur
745 3765 793 3817 1³⁴·
819 3763 833 3832 Η
857 3767 933 3815 ouis
953 3765 1079 3816 crudiunt
1100 3763 1284 3817 VP³P⁴EG
1294 3765 1329 3830 R,
1348 3769 1373 3815 et
1390 3767 1488 3813 similia
1506 3765 1546 3825 A,
1566 3773 1594 3815 et

245 3869 287 3917 bis
316 3865 413 3914 similia
431 3860 467 3915 F.
497 3861 510 3929 Η
539 3865 554 3912 9
582 3861 737 3926 quaerenda
764 3866 806 3911 cst
823 3860 857 3913 R.
887 3859 900 3928 Η
930 3878 982 3910 non
1011 3878 1074 3925 crgo
1102 3862 1165 3926 (pro
1183 3861 1229 3926 nc)
1248 3859 1282 3911 R.
1311 3858 1324 3923 Η
1353 3864 1400 3908 aut
1422 3860 1495 3908 nuda
1513 3860 1547 3911 E.
1578 3861 1590 3929 Η

247 3965 279 4012 10
298 3977 348 4012 nec
372 3975 461 4010 maccr
478 3957 512 4011 R.
542 3955 556 4025 Η
583 3963 690 4008 terrena
708 3955 737 4007 E
763 3957 794 4021 (a
819 3954 936 4008 secrrudc
954 3957 1057 4021 utatur).
1088 3954 1101 4022 Η
1133 3972 1167 4005 ne
1187 3962 1261 4006 creta
1279 3954 1338 4004 sola
1356 3953 1455 4005 cruittit
1473 3955 1514 4019 E,
1542 3975 1591 4007 uec

246 4063 320 4109 creta
337 4057 397 4107 sola
414 4053 443 4108 F
457 4054 490 4107 R.
512 4052 528 4122 Η
549 4058 578 4101 ll
597 4068 648 4101 nec
666 4067 764 4100 arenae
783 4050 816 4103 R.
838 4049 851 4117 Η
871 4068 921 4101 nec
941 4056 1032 4102 aurosi
1050 4051 1077 4103 R
1084 4091 1090 4113 ,
1109 4056 1157 4101 aut
1175 4054 1265 4100 aurosi
1284 4049 1323 4116 E,
1341 4066 1375 4100 ne
1395 4056 1502 4100 arenosi
1520 4051 1544 4104 G
1563 4058 1592 4117 (c

245 4151 389 4204 recentiore
406 4150 509 4215 ciuica),
529 4152 625 4199 cariosi
642 4145 757 4200 coniecit
778 4146 934 4200 Urllcbsius.
956 4146 969 4215 Η
989 4152 1088 4197 macies
1107 4148 1231 4211 lapidosa
1240 4146 1273 4198 R.
1289 4144 1301 4214 Η
1320 4150 1351 4194 12
1370 4149 1512 4199 neasclea
1529 4150 1562 4201 R.
1576 4151 1589 4216 Η

245 4249 291 4299 uel
309 4252 401 4296 amant
418 4243 459 4307 F,
484 4261 535 4294 nec
553 4260 644 4294 amara
661 4243 695 4296 R.
717 4242 729 4311 Η
750 4244 795 4293 uel
812 4245 949 4309 uliginosa
966 4244 1014 4306 1¹⁸,
1040 4260 1074 4293 nc
1091 4244 1207 4308 ligniosa
1225 4241 1268 4307 F,
1296 4259 1346 4292 uec
1369 4244 1504 4308 uliginosa
1521 4243 1555 4295 R.
1577 4244 1589 4309 Η

245 4359 297 4393 nec
313 4343 388 4392 totus
406 4340 439 4392 R.
467 4338 478 4406 Η
508 4345 539 4389 13
557 4355 645 4404 neque
672 4343 778 4390 ieiunus
805 4355 856 4389 uec
882 4342 964 4389 uallis
990 4343 1069 4388 nimis
1097 4343 1209 4403 operata
1236 4343 1264 4388 et
1282 4339 1379 4388 scllida
1403 4339 1442 4405 R,
1468 4340 1589 4402 squalida

244 4440 309 4506 (pro
327 4438 426 4502 solida)
436 4434 467 4488 E
474 4433 498 4488 G
518 4438 549 4501 (a
565 4433 665 4487 recenti
682 4433 809 4503 11111·1111).Η
832 4436 863 4484 14
875 4440 949 4485 crete
961 4435 993 4500 R,
1012 4439 1122 4484 raritate
1133 4432 1167 4484 Ε.
1177 4431 1185 4501 Η
1200 4436 1230 4483 16
1249 4434 1282 4483 ad
1293 4438 1508 4484 coniunctionem
1519 4433 1552 4485 lt.
1574 4433 1587 4499 Η

244 4535 355 4584 scrabra
373 4530 451 4584 situ.
473 4529 486 4600 Η
506 4548 557 4581 ncc
575 4531 649 4597 (cute
667 4530 811 4595 retorrida)
830 4527 931 4583 omittit
949 4528 983 4580 A.
1005 4528 1017 4596 Η
1041 4533 1069 4576 17
1096 4545 1179 4594 cgcns
1198 4531 1319 4594 t'cratquc
1338 4529 1377 4591 R,
1404 4531 1473 4578 ferat
1491 4527 1591 4580 omittit

245 4629 272 4684 A
293 4629 305 4698 Η
337 4634 366 4679 18
386 4635 499 4695 estps.
528 4625 541 4695 Η
570 4631 601 4676 21
620 4644 704 4692 agnos
723 4626 764 4679 P²
788 4629 839 4693 (cis
857 4641 875 4678 c
892 4624 1010 4679 secitudc
1027 4640 1110 4677 ructui
1127 4641 1213 4693 supra
1230 4626 1388 4694 scriptino),
1408 4629 1532 4690 agnoscis
1554 4625 1590 4675 P3

245 4725 365 4794 GEps,
388 4741 520 4792 agnoscas
538 4725 573 4778 R.
601 4723 616 4793 Η
644 4742 739 4791 parum
757 4725 827 4778 uA.
854 4722 867 4794 Η
888 4723 1163 4791 ιοοι]εῙ1οι-ςς·ιε]1’,1111·
1180 4730 1272 4778 camut
1289 4722 1420 4791 scriptum
1438 4724 1477 4775 Ρ3
1497 4725 1534 4776 P'*
1554 4726 1588 4790 R,

145 4804 220 5116 λ
245 4839 410 4890 consparges
431 4821 462 4890 V,
481 4838 541 4873 cum
560 4825 666 4889 spargis
683 4837 730 4889 ps.
752 4820 765 4891 Η
786 4824 896 4887 subigas
918 4819 949 4887 V,
966 4823 1117 4887 submergis
1136 4821 1169 4874 R.
1191 4821 1204 4891 Η
