3742 5542
886 561 951 626 VII

347 801 379 863 Α
395 802 568 865 Pontedera
589 803 622 863 in
638 799 779 863 Palladio
802 795 991 860 emendando
1009 801 1136 878 praeler
1158 796 1235 859 alios
1258 795 1350 858 libros
1366 796 1585 859 elinmcodices

251 915 412 978 Volicanos
435 914 583 978 adbibilos
606 934 670 976 esse
683 912 724 990 pil
745 906 929 987 neniia¹⁴):
959 927 1019 990 quo
1047 909 1081 968 in
1108 927 1235 969 numero
1264 928 1306 969 an
1333 907 1384 970 ille
1410 906 1584 988 Vaicanus,

247 1028 284 1090 de
306 1047 365 1110 quo
382 1033 493 1109 poslea
515 1026 674 1108 paululum
696 1024 879 1100 disseretur,
901 1021 1110 1082 numerandus
1133 1021 1180 1100 sil,
1203 1020 1322 1082 nesae.
1346 1019 1488 1081 lecliones
1510 1039 1585 1101 quo-

155 1144 161 1150 ’
246 1159 303 1223 qne
326 1160 365 1202 ea
386 1139 509 1203 oeluslis
532 1138 727 1201 bibliothecae
751 1134 981 1197 Laurenlianue
1011 1133 1164 1196 codicibus
1189 1153 1249 1215 per
1271 1133 1402 1194 oniicurn
1423 1133 1585 1216 quemdam

246 1253 416 1334 euseriplas
438 1250 613 1321 Pouledero
632 1250 682 1312 ille
703 1251 737 1310 in
757 1267 846 1310 usum
868 1267 957 1309 suurn
980 1249 1126 1309 converlil
1138 1245 1189 1321 ¹⁵).

352 1362 606 1427 Wraiislaoiensis
614 1362 747 1425 Palladii
757 1355 1396 1441 codeuibibliolbecueRbedinperianaea(l.
1406 1356 1584 1420 Scbnornio

245 1478 397 1558 inspeclus
420 1496 483 1538 esse
506 1476 632 1556 dicilur,
664 1475 698 1537 id
726 1473 807 1557 qnod
830 1478 939 1555 paleal
968 1493 1007 1534 coc
1035 1472 1232 1535 aduolalione
1262 1474 1326 1535 eius
1355 1473 1396 1534 od
1427 1471 1585 1554 epistolum

246 1588 380 1651 Palladii
402 1589 477 1651 libro
500 1587 582 1652 XIV
593 1584 861 1670 praemissani¹⁶):
892 1586 946 1648 sed
966 1605 1134 1668 nusquarn,
1164 1585 1246 1669 quod
1276 1603 1330 1664 epo
1359 1585 1470 1662 sciam,
1503 1583 1585 1645 illius

247 1701 358 1764 codicis
380 1700 522 1762 lecliones
543 1702 747 1783 reperiuntur.

353 1813 427 1875 Tres
450 1813 542 1876 libros
571 1833 666 1876 rnonu
694 1815 824 1896 scriptos
854 1813 892 1876 ab
915 1812 940 1875 Ι.
976 1812 1094 1876 Wossio
1124 1811 1260 1875 cordalos
1290 1830 1353 1873 esse
1383 1807 1585 1873 Schneiderus

246 1926 341 1989 obiler
364 1923 668 2003 conrnernorouil¹⁷):
690 1946 765 2009 qnos
787 1925 976 2008 Anplicanos
991 1927 1092 2007 fuisse
1110 1924 1270 2008 probabile
1294 1935 1345 1988 est.

352 2037 472 2101 Codicis
494 2058 589 2101 rnanu
611 2040 726 2121 scripti,
749 2040 801 2122 qui
823 2040 911 2102 bodie
924 2038 1048 2119 Erfurli
1069 2040 1102 2100 in
1125 2037 1301 2100 bibliotheca
1322 2037 1409 2115 repia
1430 2034 1484 2097 sub
1498 2035 1584 2114 sipno

251 2150 324 2213 (lod.
347 2150 489 2232 Araplon.
519 2165 562 2234 po·
587 2150 626 2212 15
657 2152 853 2234 adseroalur,
883 2152 1025 2214 leoliones
1054 2150 1092 2212 ab
1123 2149 1147 2215 1.
1181 2150 1236 2211 Fr.
1269 2148 1393 2211 Herelio
1425 2153 1585 2229 encerpdas

247 2263 284 2324 A.
307 2262 469 2325 Erneslins
498 2264 530 2324 in
552 2265 685 2327 secunda
710 2264 838 2328 Gesneri
861 2265 991 2327 odilione
1014 2261 1197 2338 addidil¹⁸).
1226 2263 1252 2323 is
1275 2261 1373 2323 codex
1396 2261 1583 2341 chartaceus,

247 2373 361 2438 soeculi
382 2375 467 2457 XIV,
484 2376 635 2456 foliorum
657 2379 708 2458 76,
731 2399 872 2442 uersuum
895 2379 936 2440 32
954 2379 1086 2441 conlinel
1097 2381 1223 2459 proeler
1239 2375 1414 2437 Palladium
1429 2371 1586 2454 Anonymi

248 2488 357 2551 librurn
374 2489 410 2551 de
433 2494 576 2572 quailuor
597 2491 756 2555 oirlulibus
779 2492 986 2555 cardinalibus
1008 2487 1195 2573 alioque¹⁹).

353 2599 458 2664 Codeec
481 2601 726 2681 Vindobonensis,
750 2606 786 2668 de
809 2626 868 2688 quo
892 2602 1095 2667 Schneiderus
1118 2601 1301 2682 disseril²⁰)‚
1325 2609 1367 2665 esi
1383 2603 1473 2683 iden,
1495 2622 1583 2684 quern

248 2713 452 2775 Endlicberus
465 2712 509 2793 ²¹)
542 2713 595 2776 sub
626 2735 753 2781 nuniero
785 2716 890 2779 CVIII
910 2719 1032 2800 proserl
1062 2738 1157 2779 nonu
1187 2719 1347 2799 scriplum,
1379 2716 1584 2795 cborluceuin,

247 2828 360 2890 soeculi
381 2827 457 2909 XV,
474 2830 624 2908 soliorum
647 2829 728 2910 205,
750 2832 783 2890 in
805 2836 932 2911 qucrlo.
956 2831 983 2891 is
1004 2831 1037 2890 in
1060 2830 1237 2892 bibliolbeca
1259 2830 1362 2891 aulica
1389 2829 1583 2892 Vindobonoe

246 2940 300 3003 sub
322 2960 449 3003 nurnero
472 2940 557 3004 3198
580 2942 780 3006 adscruolur.
805 2943 937 3003 conlinel
959 2947 1061 3004 aulem
1076 2943 1197 3004 diuersa
1212 2941 1583 3025 scriplorurnLolinoruin

241 3061 397 3138 poenale,
419 3063 453 3120 ul
478 3054 598 3135 Catulli,
617 3055 763 3136 Petronii,
779 3055 898 3136 Tibulli,
913 3052 1024 3135 Ouidii,
1035 3053 1198 3134 Laclanlii,
1210 3055 1380 3132 Fortunali,
1390 3053 1582 3135 Hieronymi,

248 3163 417 3244 Claudiani,
442 3169 616 3251 Marsupini
638 3169 837 3250 aliorumque,
860 3168 1022 3251 inquibus
1045 3168 1099 3231 sub
1121 3188 1248 3231 nurnero
1272 3168 1349 3229 XIX
1380 3189 1400 3229 o
1414 3169 1495 3250 solio
1519 3167 1582 3230 183

245 3281 286 3342 ad
309 3279 371 3343 186
393 3281 534 3344 Palladii
555 3280 670 3344 Rutilii
693 3280 793 3343 Tauri
814 3279 855 3343 de
877 3279 1035 3344 Insitionc
1055 3281 1156 3345 Liber
1178 3283 1305 3362 lepilur.
1329 3283 1436 3344 desunl
1459 3281 1583 3361 lripinla

245 3401 388 3478 qua-liuor
421 3397 540 3478 priores
572 3414 676 3457 uersus
712 3415 780 3457 curn
816 3395 944 3477 episloln
980 3394 1115 3457 Palladii
1150 3396 1191 3457 od
1228 3394 1418 3477 Pasipbilurn
1453 3395 1583 3456 carruini

238 3509 422 3591 praemissa.

345 3619 399 3681 Eu
421 3621 466 3682 bis
487 3621 580 3699 ipilur
602 3618 763 3700 codicibuS,
787 3639 916 3702 qnorum
938 3639 1002 3681 non
1023 3620 1067 3680 ilo
1092 3639 1235 3699 nrcpnurn
1251 3639 1411 3682 aurierurn
1427 3621 1489 3682 iarn
1508 3620 1582 3684 Ges·

242 3753 345 3813 noras,
368 3752 471 3795 omnes
485 3732 557 3812 sere
581 3729 784 3794 Schneiderus
808 3733 1053 3811 conmemorauil,
1073 3732 1202 3814 plurimi
1218 3728 1272 3795 cul
1286 3735 1380 3815 parui
1395 3739 1449 3795 cul
1470 3734 1582 3796 nullius

346 3912 376 3977 ¹⁴)
395 3909 508 3963 Gesneri
521 3908 610 3977 poet.
631 3908 723 3973 XLV,
741 3906 896 3962 Schneideri
914 3912 975 3961 lom.
994 3906 1055 3960 III.
1071 3907 1157 3974 praef.
1181 3907 1268 3962 VIII.

345 4008 376 4072 ¹⁵)
394 4003 507 4057 Gesner-i
521 4003 609 4071 praefi
630 4003 720 4056 XLV.

346 4102 376 4166 ¹⁶)
394 4098 506 4152 (leonori
519 4099 609 4167 praefi
629 4099 695 4166 XV,
713 4096 869 4152 Sclirzeideri
885 4104 945 4153 ione.
967 4099 1026 4152 III
1040 4098 1128 4166 praef.
1151 4097 1238 4154 VIII.

347 4198 377 4262 ¹⁷)
397 4193 465 4246 rou.
486 4194 541 4247 III
554 4194 642 4262 praef.
662 4194 737 4247 XII.

345 4292 376 4355 11)
395 4287 507 4341 Gesneri
521 4290 608 4356 praef.
629 4290 735 4356 XXX,
753 4288 909 4344 Selineidcri
926 4294 988 4342 ione.
1008 4289 1070 4341 III
1082 4290 1171 4357 praef.
1192 4289 1229 4341 Χ.

345 4387 377 4450 ¹⁹)
396 4382 457 4436 Hoc
476 4382 520 4435 uir
537 4383 708 4438 doctissimus
723 4385 761 4438 H.
780 4384 1020 4450 WeissenborniuS,
1039 4383 1086 4451 qui
1104 4383 1278 4437 bibliothecae
1291 4385 1450 4450 Erfurtensi
1463 4390 1580 4453 proceri,

242 4496 344 4532 muna
362 4496 422 4532 crcrn
439 4479 602 4548 benipuiloie
619 4497 719 4535 maure
737 4479 952 4534 conrnqucooii.

346 4578 366 4606 ²0

346 4670 376 4735 ²¹)

365 4579 378 4642 )
397 4575 468 4629 Tam.
488 4575 546 4628 III
556 4576 646 4643 praef.
665 4577 731 4630 XV.

394 4667 541 4738 aeternos
559 4668 688 4723 Goeleon
700 4663 926 4742 pulloupicor'uu
944 4672 1108 4727 Lotluoruu
1125 4644 1308 4727 Bibliothecae
1323 4670 1468 4726 Plutone
1482 4671 1580 4726 rinco-

242 4762 373 4829 bouensie,
390 4765 466 4816 1836.
