3742 5542
936 606 977 670 41

857 714 987 722 ν--ω
1007 714 1062 720 ‘—

350 849 456 933 possit
477 848 610 924 inverti,
642 844 700 908 sed
730 845 847 927 supina
868 849 1078 929 permaneat.
1102 840 1165 906 hoe
1186 841 1275 904 facto
1299 840 1403 903 fertur
1425 838 1566 921 spatium

350 961 398 1023 sie
427 957 598 1022 defensum
628 956 732 1019 nubes
762 957 891 1018 inimica
912 964 1154 1020 transcurrere.
1177 952 1338 1031 nonnulli,
1365 950 1420 1013 ubi
1443 953 1566 1014 instare
1591 948 1630 1011 15

348 1072 468 1135 malum
492 1071 645 1152 viderint,
670 1070 780 1134 oblato
804 1070 941 1155 speculo
964 1071 1137 1154 imaginem
1160 1069 1255 1132 nubis
1269 1070 1432 1153 accipiunt
1451 1074 1485 1130 et
1501 1066 1564 1131 hoc

338 1185 493 1250 remedio
515 1185 735 1265 nubem,.seu
758 1192 794 1246 ut
816 1183 879 1247 sibi
901 1183 1032 1247 obiecta
1054 1182 1238 1268 displiceat,
1261 1204 1321 1246 seu
1343 1189 1379 1244 ut
1400 1188 1564 1262 tamquam

303 1319 318 1368 5
349 1300 514 1385 geminata
547 1297 641 1361 alteri
675 1295 789 1378 eadat,
824 1303 997 1360 avertunt.
1031 1298 1109 1360 item
1143 1295 1236 1359 vituli
1267 1296 1383 1358 morini
1414 1294 1509 1379 pellis
1532 1296 1565 1357 in

347 1411 456 1476 medio
478 1414 643 1476 vinearum
667 1409 741 1474 lece
763 1411 818 1473 uni
841 1412 1027 1494 superiecta
1049 1410 1203 1473 viticulae
1224 1408 1367 1473 creditur
1383 1415 1497 1471 eontra
1511 1409 1564 1469 in-

347 1528 471 1590 minens
493 1525 612 1588 malum
636 1527 736 1588 totius
759 1526 875 1588 vineae
897 1524 1044 1588 membra
1066 1529 1216 1588 vestisse.
1285 1556 1288 1563 ·

439 1637 555 1703 Omnia
577 1640 701 1702 semina
723 1638 809 1700 horti
831 1637 885 1700 vel
907 1639 978 1722 agri
1001 1639 1150 1702 feruntur
1171 1636 1213 1700 ab
1238 1638 1387 1700 omnibus
1410 1636 1503 1700 malis
1525 1658 1565 1699 ae
1589 1635 1628 1697 16

346 1753 499 1817 monstris
521 1756 592 1814 tuta
614 1752 747 1826 servari,
770 1752 798 1812 si
821 1751 963 1834 agrestis
986 1752 1168 1813 cucumeris
1191 1751 1276 1812 tritis
1299 1748 1464 1813 radicibus
1487 1756 1564 1812 ante

284 1884 316 1933 10
347 1871 574 1928 macerentur.
603 1864 681 1926 item
705 1882 810 1945 equae
832 1862 976 1926 calvaria
998 1860 1058 1925 sed
1081 1883 1145 1925 non
1167 1863 1303 1946 virginis
1326 1863 1411 1924 intra
1434 1861 1562 1925 hortum

346 1975 500 2061 ponenda
530 1982 582 2039 est
609 1975 662 2039 vel
692 1979 801 2060 potius
831 1978 960 2040 asinae.
983 1966 1166 2039 'creduntur
1189 1977 1273 2038 enim
1296 1961 1355 2037 sub
1378 1975 1563 2058 praesentia

346 2087 534 2171 fecundare,
558 2109 643 2171 quae
665 2093 825 2171 spectant.

839 2309 902 2374 DE
925 2310 1061 2374 AREA.

436 2450 527 2514 Area
559 2451 658 2537 lenge
696 2474 716 2516 a
748 2452 826 2515 villa
863 2473 936 2517 esse
974 2474 1037 2516 non
1072 2452 1172 2517 debet
1208 2459 1242 2516 et
1274 2460 1410 2537 propter
1440 2474 1564 2538 exper-
1587 2448 1726 2517 XXXV

285 2582 315 2632 15
347 2563 438 2628 tandi
467 2565 658 2629 facilitatem
690 2572 724 2629 et
752 2575 788 2629 ut
819 2567 910 2630 fraus
940 2567 1045 2629 minor
1075 2567 1228 2628 timeatur
1258 2564 1378 2628 domini
1408 2565 1462 2628 vel
1480 2586 1562 2649 pro-

346 2680 504 2741 curatoris
526 2680 693 2743 vicinitate
716 2687 890 2763 suspecta.
905 2682 948 2744 sit
970 2688 1078 2744 autem
1101 2678 1156 2743 vel
1174 2687 1276 2743 strata
1296 2679 1386 2743 silice
1405 2679 1458 2742 vel
1475 2700 1559 2742 saxo

253 2798 258 2810 '
344 2790 462 2854 montis
486 2793 599 2854 exciso
622 2792 674 2855 vel
699 2792 759 2856 sub
781 2794 853 2876 ipse
877 2795 1013 2856 triturae
1036 2802 1185 2876 tempore
1207 2791 1335 2876 ungulis
1354 2814 1508 2876 pecorum
1528 2799 1560 2856 et

344 2923 450 2984 aquae
483 2903 684 2967 admixtione
715 2904 872 2985 solidata,
906 2905 1019 2969 clausa
1054 2905 1171 2969 deinde
1202 2914 1236 2968 et
1265 2906 1406 2968 robustis
1435 2908 1558 2968 munita

344 3015 497 3080 cancellis
527 3027 663 3102 propter
690 3027 851 3099 armenta,
883 3039 986 3101 quae,
1018 3027 1259 3101 eum'teretur,
1290 3021 1492 3083 inducimus
1515 3022 1558 3084 sit
1601 3020 1622 3082 2

279 3151 311 3199 20
343 3133 429 3194 cirea
451 3130 534 3193 hane
556 3131 648 3196 loeus
670 3132 754 3196 alter
775 3132 892 3217 planus
916 3141 950 3197 et
971 3155 1082 3217 purus,
1105 3136 1138 3196 in
1156 3155 1251 3216 quem
1269 3135 1431 3198 frumenta
1448 3142 1558 3196 trans-

342 3244 417 3307 fusa
448 3230 682 3329 refrigerentur
715 3255 749 3309 et
782 3246 908 3310 horreis
938 3248 1135 3310 inferantur:
1171 3269 1256 3330 quae
1293 3270 1345 3311 res
1380 3251 1411 3311 in
1446 3269 1556 3312 eorum

342 3354 549 3435 durabilitate
571 3359 742 3443 proficiet.
760 3359 818 3422 fiat
838 3356 958 3422 deinde
976 3356 1203 3443 undecumque
1222 3363 1405 3444 proximum
1425 3368 1556 3441 tectum,

340 3471 482 3533 maxime
512 3472 545 3532 in
575 3470 692 3535 umidis
720 3470 927 3556 regionibus,
957 3470 1018 3533 sub
1041 3493 1107 3554 quo
1129 3482 1266 3557 propter
1287 3473 1408 3538 imbres
1431 3474 1556 3538 subitos

339 3581 513 3661 frumenta,
537 3584 565 3647 si
586 3586 768 3649 necessitas
790 3586 945 3668 coegerit,
968 3586 1086 3668 raptim
1109 3584 1164 3649 vel
1181 3584 1301 3649 munda
1324 3586 1377 3650 vel
1395 3588 1555 3650 semitrita

276 3715 307 3764 25
338 3704 520 3781 ponantur.
553 3698 596 3760 sit
625 3696 787 3778 autem⁵⁰)
817 3697 890 3760 loco
920 3696 1051 3761 sublimi
1080 3705 1113 3761 et
1136 3697 1360 3782 undecumque
1383 3698 1555 3784 perflabili,
1599 3700 1620 3763 3

339 3806 437 3892 longe
456 3817 564 3872 tamen
583 3809 624 3872 ab
648 3810 760 3888 hortis,
785 3810 889 3873 vineis
908 3818 1008 3893 atque
1026 3811 1184 3894 pometis.
1197 3832 1269 3873 nam
1290 3813 1375 3874 sieut
1391 3811 1554 3876 radicibus

280 3949 482 3961 *θῇ-

378 4023 391 4069 1
417 4022 440 4069 sl
463 4023 560 4086 supina
577 4018 616 4085 R,
641 4018 688 4069 sed
713 4021 808 4084 sepina
830 4018 860 4071 V.
884 4017 904 4087 Η
930 4021 945 4068 2
971 4023 1086 4070 transire
1110 4021 1154 4070 uel
1180 4026 1365 4072 transcurrere
1383 4021 1416 4074 R„
1441 4022 1462 4090 Η
1487 4025 1569 4075 4seu
1588 4031 1619 4076 ut

275 4116 348 4176 (eote
366 4115 429 4179 sibi)
453 4113 674 4181 vaeraebro).
700 4114 721 4182 Η
745 4120 776 4165 ut
795 4116 869 4181 (aete
888 4114 1037 4178 tamquam)
1057 4129 1099 4166 om
1116 4113 1141 4167 G
1159 4130 1206 4183 qe.
1232 4115 1252 4184 Η
1277 4117 1410 4168 beedant
1427 4116 1460 4170 L.
1485 4119 1506 4187 Η
1525 4124 1540 4172 6
1559 4123 1616 4170 uti-

273 4207 429 4276 euleP'.'ll
450 4210 482 4260 10
500 4212 564 4260 item
582 4239 614 4248 -
635 4216 760 4275 spectant
778 4224 827 4263 em.
837 4209 872 4263 A.
891 4208 912 4276 ΙΙ
932 4210 1099 4264 ealburiaL.
1115 4210 1136 4279 Η
1162 4215 1192 4261 11
1213 4215 1294 4262 etiam
1314 4214 1376 4282 (pre
1395 4216 1498 4280 potius)
1517 4230 1565 4283 ys.
1589 4215 1611 4283 Η

272 4307 342 4354 enim
361 4301 459 4355 (ΜΕ.
483 4301 503 4371 Η
529 4306 561 4354 13
578 4305 619 4354 De
638 4321 701 4356 area
719 4306 766 4355 ubi
782 4304 908 4369 ponenda
926 4308 962 4354 sit
980 4310 1008 4355 et
1025 4308 1142 4370 qualiter
1159 4305 1329 4361 sociendaR.
1351 4307 1372 4376 Η
1391 4312 1423 4361 14
1440 4317 1467 4362 et
1485 4307 1611 4380 ern-Vll

273 4399 305 4451 15
323 4401 454 4465 minorem
474 4399 575 4449 domini
592 4402 720 4451 timeatur
738 4399 770 4454 R.
797 4398 818 4469 Η
844 4402 875 4451 17
894 4399 1030 4464 pecudum
1049 4398 1084 4453 R.
1109 4400 1130 4470 Η
1157 4404 1188 4452 18
1206 4403 1380 4453 ammixtione
1396 4402 1430 4455 R.
1455 4401 1476 4470 Η
1500 4404 1617 4455 solidata

271 4508 319 4547 oro.
337 4492 371 4548 G.
396 4492 416 4562 Η
442 4496 473 4545 19
492 4509 662 4558 quecumque
680 4494 713 4548 L.
738 4495 758 4565 Η
783 4499 880 4547 teritur
897 4494 938 4547 P²
954 4509 1009 4563 qe,
1035 4502 1157 4547 terantur
1175 4492 1210 4548 F.
1234 4496 1255 4565 Η
1286 4501 1318 4547 22
1338 4498 1399 4548 inde
1417 4498 1449 4552 L.
1475 4499 1497 4568 Η
1526 4501 1615 4552 unde-

271 4605 385 4655 cumque
403 4587 466 4642 incl.
485 4602 534 4656 98,
553 4603 595 4641 om
611 4588 646 4643 A.
670 4587 691 4657 Η
717 4593 749 4643 23
767 4607 816 4656 per
834 4591 933 4641 imbres
952 4588 987 4642 E.
1018 4588 1039 4657 Η
1072 4592 1104 4640 24
1132 4594 1230 4656 raptim
1254 4593 1355 4643 munda
1373 4593 1407 4645 A.
1439 4593 1460 4662 Η
1490 4596 1535 4644 uel
1554 4611 1615 4646 eum

270 4684 388 4735 restibus
406 4686 538 4735 semitrita
555 4681 589 4736 R.
614 4683 635 4752 Η
664 4686 696 4734 25
715 4683 757 4736 Sit
773 4686 826 4736 hoe
843 4688 904 4738 loeo
923 4684 979 4752 1³⁴,
1006 4685 1048 4737 Sit
1066 4691 1157 4738 autem
1176 4687 1265 4756 [area]
1284 4688 1344 4742 loco
1362 4703 1420 4759 93,
1445 4705 1509 4740 area
1528 4689 1568 4744 1³²
1586 4692 1615 4758 (a

269 4792 353 4834 manu
369 4777 488 4836 amnuo
505 4778 758 4852 suprascriptum).
783 4780 804 4850 Η
828 4783 861 4835 26
878 4783 1008 4848 pomeriis
1025 4779 1059 4835 R.
1083 4779 1104 4851 Η
