3742 5542
898 608 918 670 8

804 714 1009 722 -———·--——--

302 850 352 904 est
366 845 502 926 spissus,
526 844 581 924 qui
598 841 711 905 labore
730 840 862 924 quidem
880 843 1024 906 maximo
1042 849 1150 905 tamen
1169 839 1212 903 ad
1230 847 1307 902 vota
1323 837 1518 922 respondet.

300 954 382 1019 illud
397 975 477 1017 vero
494 953 701 1018 deterrimum
716 976 820 1040 genus
836 963 896 1037 est,
913 953 1001 1037 quod
1017 956 1079 1018 erit
1092 956 1212 1019 siccum
1225 951 1365 1017 simulet
1378 953 1520 1034 spissum

303 1077 336 1133 et
357 1090 500 1132 macrum
523 1067 577 1131 vel
600 1066 777 1152 frigidum2·
794 1071 850 1152 qui
872 1073 953 1154 ager
974 1068 1126 1152 pestiferi
1147 1087 1238 1130 more
1259 1064 1434 1150 fugiendus
1459 1071 1519 1128 est.

385 1266 387 1270 ’
424 1294 487 1360 ou
509 1240 845 1363 inbueremur
867 1292 1164 1360 necessarius
1187 1291 1250 1357 xo
1273 1290 1403 1358 susa

768 1398 1051 1467 suuruurna

240 1556 288 1620 VI
386 1557 453 1623 Sed
486 1557 541 1621 ubi
573 1559 671 1636 haec,
715 1578 799 1640 quae
834 1556 995 1621 naturalia
1034 1564 1109 1620 sunt
1148 1577 1257 1638 neque
1288 1558 1426 1618 humana
1460 1576 1523 1639 ope

306 1673 410 1734 curari
428 1679 574 1755 possunt,
598 1669 785 1756 diligentius
801 1671 993 1750 aestimaris,
1016 1671 1138 1751 exequi
1160 1675 1193 1732 te
1216 1670 1368 1732 convenit
1385 1676 1523 1753 partem,

306 1805 391 1866 quae
414 1792 517 1847 restat
539 1783 734 1848 industriae:
759 1785 851 1846 cuius
874 1782 956 1844 haec
980 1784 1042 1845 erit
1065 1803 1142 1845 cura
1159 1781 1212 1845 vel
1229 1782 1380 1860 maxima,
1403 1789 1439 1844 ut
1454 1781 1524 1859 has,

305 1917 387 1981 quas
411 1895 544 1977 subieci,
569 1917 611 1957 ex
635 1897 721 1958 omni
744 1915 844 1978 opere
866 1896 989 1959 rustico
1008 1897 1164 1980 inprimis
1180 1895 1302 1960 debeas
1319 1903 1431 1958 tenere
1449 1915 1524 1958 sen-

307 2011 447 2075 tentias.
471 2011 658 2093 praesentia
684 2007 805 2071 domiui
828 2018 1004 2092 provectus
1028 2016 1078 2072 est
1100 2011 1193 2095 agri.
1217 2009 1308 2072 color
1330 2017 1436 2072 terrae
1459 2029 1524 2070 non
1558 2028 1591 2075 10

306 2145 424 2207 magno
440 2143 539 2207 opere
553 2121 766 2199 desideretur,
784 2123 861 2205 quia
873 2121 1029 2185 bonitatis
1041 2123 1183 2184 incertus
1197 2128 1247 2184 est
1259 2128 1373 2184 auctor
1385 2168 1391 2182 .
1405 2142 1526 2206 genera

308 2239 449 2301 omnium
472 2236 675 2301 surculorum
698 2236 752 2299 vel
769 2237 896 2320 frugum
912 2235 1093 2319 praeclara,
1116 2233 1175 2299 sed
1193 2237 1288 2298 terris
1303 2236 1367 2296 tuis
1386 2243 1526 2319 experta

307 2350 479 2412 conmitte.
503 2349 536 2410 iu
559 2370 645 2411 novo
670 2350 753 2411 enim
776 2368 898 2432 genere
918 2350 1076 2410 seminum
1093 2355 1170 2410 ante
1189 2349 1447 2431 experimentum
1463 2369 1526 2410 non

308 2469 358 2526 est
390 2481 466 2544 spes
498 2468 569 2524 tota
596 2458 769 2544 ponenda.
793 2459 874 2523 locis
897 2457 1015 2522 umidis
1044 2460 1169 2522 semina
1190 2459 1285 2520 citius
1309 2478 1404 2539 quam
1428 2459 1523 2520 siccis

309 2574 527 2658 degenerant:
562 2593 663 2655 quare
693 2571 831 2636 subinde
855 2578 1024 2636 succurrat
1047 2569 1185 2635 electio.
1208 2569 1351 2647 ferrarii,
1383 2568 1520 2652 lignarii,
1554 2587 1585 2635 15

309 2686 470 2750 doliorum
493 2706 715 2769 cuparumque
739 2685 883 2749 factores
905 2685 1091 2747 necessario
1110 2681 1252 2746 habendi
1271 2691 1355 2761 sunt,
1379 2704 1419 2745 ne
1435 2705 1455 2745 a
1471 2682 1521 2744 la-

308 2800 388 2863 bore
420 2797 569 2862 sollemni
599 2799 740 2861 rusticos
772 2818 871 2861 causa
900 2795 1137 2861 desiderandae
1159 2796 1248 2860 urbis
1270 2803 1418 2860 avertat.
1442 2796 1522 2858 locis

310 2910 437 2996 frigidis
460 2933 480 2974 a
502 2909 637 2974 meridie
654 2913 765 2974 vineta
781 2921 952 2995 ponantur,
976 2910 1090 2974 calidis
1106 2933 1126 2974 a
1142 2913 1375 2994 septentrione,
1395 2917 1523 2993 tempe-

248 3026 268 3088 3
311 3027 392 3088 ratis
415 3025 456 3088 ab
481 3027 607 3088 oriente
633 3024 701 3106 vel,
736 3027 764 3088 si
786 3045 924 3090 necesse
947 3028 1007 3103 sit,
1032 3023 1225 3089 occidente.
1251 3044 1422 3106 operarum
1444 3024 1526 3084 ratio

312 3158 410 3199 unum
437 3137 569 3201 modurn
599 3144 712 3201 tenere
741 3159 805 3200 non
834 3146 946 3221 potest
968 3139 1000 3198 in
1023 3144 1114 3199 tanta
1137 3134 1326 3197 diversitate
1350 3142 1526 3197 terrarum:
1560 3155 1591 3202 20

312 3258 345 3313 et
364 3249 439 3314 ideo
460 3249 523 3313 soli
542 3258 576 3313 et
595 3251 782 3334 provinciae
801 3248 1004 3313 consuetudo
1016 3247 1114 3311 facile
1126 3244 1285 3320 ostendet,
1306 3248 1361 3328 qui
1374 3269 1527 3310 numerus

312 3385 574 3447 unamquamque
604 3384 673 3428 rem
706 3365 807 3428 faciat
838 3367 909 3428 sive
931 3365 964 3426 in
987 3363 1124 3426 surculis
1147 3362 1218 3423 sive
1242 3362 1273 3421 in
1298 3363 1383 3424 omni
1406 3383 1527 3444 genere

314 3486 480 3542 satorum.
505 3498 590 3560 quae
619 3477 755 3558 florent,
785 3483 912 3540 constat
943 3497 1006 3538 non
1039 3495 1113 3536 esse
1137 3473 1317 3554 tangenda.
1342 3474 1425 3538 bene
1451 3474 1528 3560 eligi

314 3589 453 3656 serenda
475 3613 539 3654 non
562 3599 708 3676 possunt,
732 3592 794 3653 nisi
817 3589 879 3651 hoc
903 3587 1046 3651 officium
1070 3590 1159 3670 prius
1180 3586 1303 3670 eligens
1315 3585 1343 3668 9)
1363 3586 1529 3651 adsumat.

311 3708 345 3768 in
367 3703 466 3768 rebus
489 3704 675 3788 agrestibus
697 3705 839 3767 maxime
864 3702 974 3765 officia
994 3703 1146 3764 iuvenum
1172 3710 1371 3786 congruunt,
1395 3704 1530 3785 imperia
1562 3723 1593 3768 ai

254 3900 458 3912 —v—--··-··-‘·

355 4023 365 4067 1
385 4020 451 4068 licet
467 4017 569 4068 laboris
587 4019 623 4067 sit
640 4018 730 4080 magni
747 4013 782 4068 R.
803 4013 816 4082 ΙΙ
837 4018 851 4062 2
871 4017 1038 4065 teterrimum
1053 4014 1082 4067 V.
1102 4013 1113 4082 ll
1134 4019 1162 4064 et
1179 4018 1297 4079 spissum
1315 4015 1394 4064 simul
1412 4016 1456 4065 uel
1476 4031 1594 4066 macrum

249 4114 284 4169 R.
304 4111 318 4182 ll
338 4117 353 4164 6
371 4117 439 4165 haec
458 4111 557 4164 omittit
574 4110 609 4164 Ε.
631 4109 644 4178 ll
665 4113 847 4161 ‘laestimaris
871 4113 984 4174 exsequi
1006 4110 1032 4163 V
1051 4111 1080 4175 (a
1095 4109 1188 4177 priato
1210 4111 1318 4176 creona),
1345 4114 1479 4161 estimaris
1497 4115 1596 4174 exequi

249 4210 300 4276 P‘,
326 4213 501 4261 extimaueris
526 4211 625 4272 exequi
647 4206 687 4272 R,
715 4210 902 4258 aestimarrerie
921 4211 1035 4270 exsequi
1052 4222 1105 4275 ps,
1133 4209 1269 4255 aestimari
1287 4211 1314 4256 et
1333 4212 1445 4272 exsequi
1463 4206 1503 4259 P²
1525 4205 1596 4272 V(a

249 4303 368 4358 secundo
384 4305 485 4369 monte).
507 4302 521 4370 ll
541 4309 555 4354 8
574 4305 620 4354 uel
638 4301 736 4355 omittit
752 4301 788 4355 E.
810 4302 823 4370 ll
844 4306 859 4353 9
877 4302 1029 4355 rusticcP²
1048 4301 1060 4369 ll
1081 4304 1210 4367 imprimis
1223 4300 1270 4351 Pr.
1291 4299 1303 4368 ll
1327 4305 1357 4351 10
1375 4305 1515 4368 profectus
1532 4301 1565 4353 R.
1582 4293 1592 4364 l

252 4407 281 4450 11
301 4403 430 4451 bonitatis
449 4397 592 4465 ontlttt'tA,
611 4401 784 4466 benignitatis
796 4398 834 4450 P³
845 4398 879 4450 Ε.
900 4397 912 4467 ll
936 4403 967 4447 12
986 4402 1103 4448 omnium
1121 4413 1175 4446 uon
1193 4399 1362 4447 surculorum
1385 4397 1415 4452 V.
1437 4397 1449 4464 ll
1470 4400 1595 4446 fruticum

225 4520 227 4525 >
253 4495 284 4550 V.
306 4494 317 4561 ll
340 4499 369 4546 15
388 4497 496 4562 lignarii
513 4497 619 4545 ferrarii
629 4495 674 4547 1³⁸.
696 4493 708 4561 ΙΙ
730 4495 761 4545 16
780 4498 925 4546 necessarii
935 4494 983 4546 P⁴.
1009 4493 1020 4560 Η
1048 4492 1595 4560 raaboccidenteP³(a1aaaaarama

249 4588 369 4643 secanda
381 4588 448 4642 delet
460 4589 605 4655 abffllls.
618 4588 629 4659 ll
643 4594 673 4640 21
690 4590 746 4642 Pro
764 4592 825 4642 ideo
844 4588 923 4642 aliud
941 4589 1101 4643 uocabulum
1118 4588 1164 4642 sed
1182 4588 1332 4655 iad-actam,
1349 4593 1381 4641 at
1397 4587 1451 4655 topi
1467 4605 1521 4640 noa
1536 4606 1597 4656 pos-

248 4687 299 4755 sit,
323 4684 402 4738 babet
419 4684 453 4739 G.
474 4685 488 4754 ll
508 4690 554 4751 qui
572 4687 667 4738 modus
684 4686 719 4753 R,
738 4691 798 4752 quis
815 4703 944 4739 numerus
961 4686 995 4740 A.
1023 4686 1036 4756 ll
1065 4691 1097 4736 22
1116 4688 1199 4740 faciet
1217 4687 1246 4755 (a
1263 4699 1349 4754 sup-ra
1365 4683 1506 4752 scriptum)
1532 4685 1561 4739 V.
1583 4688 1593 4751 ,l

250 4784 283 4837 24
302 4783 406 4837 electus
428 4779 652 4851 VP³Ptlr¹Gs²
671 4785 760 4840 iectus
778 4782 814 4856 E,
833 4784 951 4835 electum
969 4782 1004 4837 R»
1025 4782 1037 4848 ll
