3742 5542
814 548 822 561 ..
905 571 947 636 aa

317 814 458 891 utraque
485 810 661 892 pastinatio
685 806 888 891 decoquatur
909 806 1071 870 beneficio
1093 806 1214 890 algoris
1236 815 1293 870 aut
1314 804 1413 869 solis.
1437 821 1535 866 areae

320 919 492 985 faciendae
515 930 591 984 sunt
612 922 819 1005 angustiores
843 929 876 984 et
897 919 1031 1004 longae,
1062 920 1187 1001 idest,
1218 919 1390 983 duodecim
1413 915 1536 1003 pedum

317 1033 520 1120 longitudine
554 1043 586 1097 et
608 1055 670 1099 sex
692 1033 881 1112 latitudine,
910 1035 959 1097 sic
980 1042 1117 1117 propter
1139 1035 1245 1117 spatia
1268 1034 1430 1114 utrimque
1452 1051 1537 1114 pur-

315 1146 424 1232 ganda
453 1145 598 1212 divisae.
628 1149 790 1231 margines
820 1167 899 1209 vero
932 1166 1041 1208 earum
1071 1146 1151 1209 locis
1175 1144 1292 1208 umidis
1320 1143 1375 1207 vel
1396 1144 1535 1228 inriguis

318 1259 446 1323 duobus
476 1260 616 1344 pedibus
650 1263 833 1346 erigantur:
864 1261 960 1322 siccis
989 1280 1053 1321 uuo
1078 1259 1237 1322 extulisse
1260 1257 1424 1322 sufficiet.
1446 1257 1534 1319 inter

316 1394 424 1448 areas,
449 1377 476 1437 si
498 1395 592 1437 umor
615 1377 786 1438 consuevit
809 1374 956 1455 effluere,
979 1375 1087 1457 spatia
1108 1372 1225 1436 altiora
1246 1374 1327 1456 ipsis
1349 1373 1434 1434 areis
1458 1390 1533 1434 esse

317 1484 494 1568 debebunt,
517 1496 553 1551 ut
576 1487 705 1553 facilius
727 1485 928 1571 ingrediatur
951 1507 1061 1550 aream
1084 1484 1126 1549 de
1149 1486 1310 1569 superiori
1326 1492 1420 1569 parte
1439 1503 1534 1545 umor

314 1596 475 1662 admissus
499 1609 547 1680 et,
578 1599 634 1662 ubi
657 1601 821 1663 sitientem
844 1601 1061 1678 saturaverit,
1090 1601 1123 1661 in
1146 1596 1227 1660 alias
1249 1598 1356 1681 possit
1379 1595 1535 1660 exclusus

252 1710 272 1772 8
316 1712 440 1774 averti.
464 1709 595 1774 serendi
617 1719 766 1794 tempora
787 1711 865 1776 licet
887 1732 947 1795 per
968 1733 1098 1776 menses
1117 1719 1207 1774 certa
1225 1713 1402 1796 signemus,
1424 1717 1534 1772 tamen

316 1820 494 1885 secundum
523 1822 587 1885 loci
619 1831 652 1885 et
675 1822 756 1885 caeli
779 1831 928 1887 naturam
951 1827 1176 1909 unusquisque
1200 1823 1380 1888 custodiat.
1403 1820 1534 1906 frigidis
1569 1839 1603 1888 10

315 1933 397 1998 locis
427 1935 621 1999 autumnalis
650 1938 735 1999 satio
758 1937 896 2001 celerior
918 1939 993 2020 frat,
1023 1958 1125 2002 verna
1146 1958 1225 2000 vero
1248 1935 1386 1999 tardior:
1417 1933 1533 1998 calidis

316 2056 424 2112 autem
447 2049 635 2133 regionibus
659 2057 693 2112 et
714 2051 909 2115 autumnalis
932 2055 1035 2115 serior
1059 2052 1130 2116 fieri
1151 2058 1263 2136 potest
1285 2057 1318 2113 et
1341 2069 1441 2112 verna
1460 2067 1533 2110 ma-

315 2162 438 2226 turior.
462 2181 686 2245 quaecumque
709 2163 849 2227 serenda
872 2173 955 2241 sunt,
979 2187 1051 2230 cum
1075 2167 1192 2229 crescit
1210 2164 1295 2245 luna,
1318 2164 1533 2226 seminentur:

316 2293 401 2355 quae
424 2273 566 2336 secanda
588 2283 663 2337 sunt
685 2275 739 2338 vel
761 2276 910 2360 legenda,
934 2299 1008 2341 cum
1029 2280 1192 2343 minuitur.

568 2523 631 2586 DE
654 2523 876 2589 REMEDIIS
898 2522 1044 2589 HORTI
1066 2522 1127 2586 ET
1149 2520 1273 2586 AGRI.
1569 2541 1602 2591 15

251 2677 396 2742 XXXV
492 2677 614 2743 Contra
647 2680 785 2744 nebulas
818 2689 851 2744 et
883 2680 1066 2765 rubiginem
1099 2679 1212 2764 paleas
1250 2686 1282 2742 et
1315 2687 1534 2763 purgamenta

316 2792 463 2876 pluribus
493 2793 573 2857 locis
602 2815 662 2878 per
692 2794 820 2858 hortum
844 2793 1004 2879 disposita
1026 2793 1122 2857 simul
1146 2795 1268 2874 omnia,
1300 2813 1372 2856 cum
1395 2791 1533 2855 nebulas

315 2903 437 2969 videris
459 2907 590 2982 instare,
614 2907 785 2971 conbures.

406 3016 529 3081 Contra
558 3019 748 3103 grandinem
778 3020 880 3083 multa
902 3019 1072 3083 dicuntur.
1095 3040 1203 3103 panno
1226 3039 1340 3082 russeo
1364 3017 1450 3080 mola
1473 3038 1533 3081 co-

315 3131 461 3213 operitur
474 3178 481 3191 .
494 3133 572 3195 itcm
587 3141 739 3196 cruentae
756 3152 888 3196 secures
906 3140 1020 3194 contra
1039 3131 1163 3195 caelum
1181 3133 1349 3194 minaciter
1361 3130 1531 3196 levantur.
1565 3147 1601 3199 20
1638 3142 1640 3146 '

314 3244 392 3306 item
411 3264 505 3307 omne
523 3244 609 3307 horti
624 3247 764 3328 spatium
782 3243 858 3307 alba
876 3245 943 3308 vite
955 3247 1187 3328 praecingitur,
1205 3243 1259 3306 vel
1279 3251 1398 3305 noctua
1416 3245 1532 3327 pennis

312 3355 500 3440 patentibus
524 3363 662 3419 extensa
683 3356 859 3441 suffigitur,
881 3356 936 3420 vel
959 3357 1166 3436 ferramenta,
1191 3354 1309 3437 quibus
1331 3353 1531 3439 operandum

250 3468 268 3528 2
314 3477 374 3548 est,
396 3489 496 3533 saevo
519 3478 685 3551 unguntur
707 3472 836 3533 ursino.
859 3469 961 3553 aliqui
984 3470 1049 3532 ursi
1071 3467 1202 3551 adipem
1226 3489 1298 3530 cum
1312 3467 1530 3530 oleotunsum

312 3590 484 3645 reservant
506 3590 540 3645 et
561 3582 664 3647 falces
687 3583 767 3664 hoc,
791 3603 864 3645 cum
886 3584 1031 3665 putaturi
1053 3588 1137 3656 sunt,
1159 3589 1301 3665 ungunt:
1330 3578 1389 3644 scd
1412 3580 1474 3644 hoc
1497 3583 1530 3643 in

253 3767 460 3777 ——m—

352 3884 364 3927 l
389 3878 557 3943 decoquatur
575 3875 609 3930 a
634 3877 655 3945 Η
680 3892 712 3926 ac
729 3878 795 3927 solis
813 3874 846 3928 R.
872 3874 893 3943 Η
917 3878 933 3926 3
953 3881 981 3925 et
998 3879 1053 3926 sint
1070 3880 1183 3940 propter
1200 3875 1244 3935 P'¹
1261 3873 1298 3940 Ε,
1317 3879 1348 3923 ut
1366 3877 1420 3923 sint
1438 3888 1464 3938 p.
1482 3888 1501 3941 p
1519 3887 1540 3925 a
1569 3873 1592 3943 Η

247 3977 369 4037 utrisque
387 3971 420 4025 G.
452 3972 474 4042 Η
507 3976 523 4022 4
547 3973 635 4024 diuisa
652 3971 686 4024 R.
719 3970 740 4039 Η
775 3974 893 4036 irruguis
912 3977 940 4021 et
957 3971 1076 4021 humidis
1099 3969 1134 4023 R.
1159 3970 1179 4039 Η
1211 3971 1325 4020 baiocis
1342 3985 1409 4019 uero
1427 3967 1462 4022 R.
1486 3967 1508 4036 Η
1533 3972 1598 4021 sui-

246 4068 320 4118 ficiat
336 4067 371 4121 a
401 4068 422 4136 Η
452 4071 468 4119 6
491 4070 534 4119 his
559 4072 629 4119 areis
646 4066 681 4120 R.
711 4066 733 4135 Η
763 4070 823 4118 lin
841 4082 932 4117 aream
951 4065 985 4119 R.
1009 4065 1030 4134 Η
1054 4070 1146 4132 superi
1164 4065 1191 4119 L
1208 4065 1260 4130 1³²,
1288 4069 1428 4130 superiore
1446 4062 1477 4117 F
1492 4078 1544 4133 98.
1570 4064 1592 4134 Η

246 4165 262 4215 8
290 4163 425 4213 admissus
449 4190 479 4199 -
505 4167 593 4227 possit
615 4177 663 4214 om.
688 4161 721 4214 L.
758 4160 779 4230 Η
813 4164 964 4212 scitientcm
988 4159 1022 4213 R.
1055 4161 1076 4229 Η
1107 4165 1135 4211 iu
1153 4162 1208 4210 alia
1225 4159 1259 4212 R.
1296 4158 1317 4228 Η
1354 4162 1481 4211 exclusos
1498 4159 1530 4213 L.
1570 4159 1593 4230 Η

247 4261 279 4309 10
296 4264 421 4307 naturam
448 4262 475 4307 et
499 4259 569 4308 caeli
586 4256 620 4311 R.
654 4256 676 4325 Η
710 4260 740 4307 11
760 4258 876 4307 celerius
895 4254 930 4309 R.
963 4255 984 4323 Η
1020 4256 1125 4306 tardius
1143 4252 1177 4307 R.
1211 4253 1232 4323 Η
1266 4256 1298 4304 13
1323 4269 1385 4303 cum
1408 4254 1473 4303 luna
1496 4258 1602 4305 crescit

245 4350 363 4421 EGpa
383 4352 405 4422 Η
425 4354 457 4402 14
476 4359 539 4405 sunt
556 4366 605 4404 (rm.
624 4351 658 4404 Ε.
676 4352 696 4422 Η
719 4352 829 4417 liganda
847 4350 888 4404 12³
907 4349 951 4418 (in
968 4349 1111 4419 margine).
1129 4349 1151 4417 Η
1177 4347 1408 4401 comminuiturL.
1424 4347 1445 4415 Η
1471 4351 1502 4399 15
1521 4350 1599 4401 VEL

246 4446 359 4500 codices.
379 4446 400 4516 Η
427 4453 457 4497 16
477 4453 529 4499 orti
546 4449 591 4498 uel
608 4451 666 4514 agri
688 4446 714 4500 V
729 4449 760 4514 (a
772 4461 856 4498 mann
865 4444 983 4498 secanda
998 4459 1085 4514 supro
1093 4446 1243 4510 rubiginem
1262 4442 1415 4512 arreptam),
1433 4444 1599 4510 rubiginem.

244 4544 343 4595 Paleas
360 4558 411 4613 ps.¹
432 4542 453 4611 Η
478 4546 510 4595 19
527 4559 574 4594 rus
592 4560 641 4594 seu
663 4542 693 4610 V,
717 4559 795 4594 roseo
813 4541 891 4595 P⁴R
907 4557 956 4609 ps.
980 4542 1001 4610 Η
1027 4543 1058 4590 21
1077 4543 1166 4606 pinnis
1184 4538 1211 4592 L
1230 4540 1258 4606 (e
1283 4554 1369 4608 supra
1392 4537 1537 4607 scriptum)
1554 4540 1600 4593 P·

244 4636 330 4707 P³·ll
354 4640 386 4688 22
406 4638 540 4689 sufficitur
557 4637 608 4691 1³².
626 4636 647 4705 Η
672 4639 704 4689 23
724 4653 790 4688 sono
808 4635 889 4689 ΡΨ*
907 4635 964 4700 Fr,
983 4637 1049 4685 sebo
1062 4633 1098 4700 R,
1117 4650 1183 4700 sepo
1193 4651 1219 4704 9.
1236 4633 1257 4703 Η
1283 4639 1377 4701 yrcino
1396 4633 1431 4687 R.
1456 4634 1477 4703 Η
1502 4640 1598 4687 tusum

245 4748 333 4786 oniam
349 4737 457 4803 praeter
474 4733 509 4787 E.
533 4735 554 4803 Η
580 4740 612 4784 :¹4
631 4736 715 4784 falces
734 4735 831 4798 quibus
849 4739 906 4799 put.
924 4731 959 4785 R.
983 4732 1004 4800 Η
1028 4735 1121 4797 putari
1138 4731 1186 4784 P’.
1211 4730 1232 4799 Η
1256 4737 1394 4797 unguntur
1411 4728 1446 4783 R·
1472 4728 1493 4799 Η

384 4868 440 4927 ;”..·;
479 4882 523 4927 q.
546 4880 622 4929 003

378 4926 436 4957 ιό
491 4926 550 4959 0⁰0⁰
575 4916 614 4962 ,Η

155 4956 281 5218 ἢ
