3742 5542
740 1961 1127 2073 PRAEFATIO.

363 2354 469 2416 Prima
497 2355 588 2416 editio
618 2355 800 2436 scriptorum
821 2356 869 2415 rei
890 2356 1023 2416 rusticae
1045 2358 1180 2415 ueterum
1203 2351 1382 2415 latinorum
1411 2372 1492 2415 uano
1516 2353 1600 2416 1170

268 2467 394 2530 Venetiis
419 2487 479 2550 per
502 2463 569 2530 Nic.
593 2465 756 2528 lensonum
777 2468 901 2530 notione
928 2465 1050 2528 Gallum
1070 2470 1244 2527 recensente
1270 2463 1401 2545 Georpio
1423 2464 1545 2527 Merula
1566 2469 1600 2528 in

260 2581 356 2642 lucem
373 2580 491 2663 prodiit
504 2582 550 2654 1).·
572 2580 626 2642 secl
635 2579 770 2642 Palladii
791 2579 861 2642 libri
884 2599 922 2641 eu
945 2598 1004 2661 quo
1028 2578 1131 2640 codice
1153 2597 1248 2639 manu
1270 2580 1383 2661 scripto
1406 2581 1508 2642 bousti
1529 2583 1597 2660 siat,

259 2712 322 2755 uon
344 2693 443 2775 liquet.

364 2803 537 2867 llclitionem
560 2803 783 2867 Louuuiensem
805 2807 880 2866 anui
902 2804 987 2866 1474
1010 2801 1212 2867 Schneiderus
1234 2803 1335 2888 aicit)
1359 2827 1397 2868 eu
1420 2808 1523 2869 codice
1540 2828 1596 2890 pe-

261 2919 371 2980 culiari
394 2937 487 3000 eoque
506 2918 630 2997 eprepio
654 2919 838 2999 exscriptam
861 2936 924 2978 esse
948 2922 976 2978 et
997 2917 1108 2978 multas
1126 2917 1366 3001 praeclarosque
1396 2920 1537 2982 lectiones
1564 2921 1598 2982 in
1696 2980 1699 2997 ,

262 3031 401 3094 Palladio
424 3029 481 3092 sibi
498 3029 668 3092 eubibuisse
691 3047 727 3090 oo
748 3028 938 3110 reliquarum
961 3028 1127 3090 editionum
1148 3023 1223 3091 niba
1246 3033 1348 3092 omniu
1371 3033 1554 3094 conrenisse.

364 3143 510 3206 Politiaui
533 3143 676 3205 lectiones
698 3147 815 3204 constat
837 3142 944 3204 ductos
967 3160 1030 3203 esse
1045 3161 1084 3203 eu
1101 3141 1254 3203 codicibus
1264 3141 1468 3206 Florentinis:
1490 3144 1597 3205 borum

259 3257 292 3318 in
312 3277 438 3319 numero
461 3257 616 3319 habeadus
639 3275 702 3318 esse
724 3255 842 3317 cicietur
864 3254 914 3317 ille
925 3255 1023 3317 coclea
1033 3253 1239 3333 Florentiam,
1264 3255 1300 3317 de
1317 3257 1595 3339 quoinsraloquor.
1687 3328 1689 3335 Ι

364 3369 411 3431 De
434 3369 518 3430 libris
540 3389 634 3430 manu
656 3368 784 3450 scriptis,
808 3386 883 3449 quos
903 3364 1012 3428 Utilius
1034 3368 1168 3447 contulit,
1191 3368 1266 3429 nibil
1288 3370 1440 3448 copm'tum
1462 3375 1515 3449 est,
1538 3371 1598 3432 nisi

260 3482 341 3566 quod
362 3482 394 3541 in
417 3481 554 3562 cotalopo
578 3480 773 3543 bibliothecae
789 3479 985 3571 &Heinsionue
1003 3485 1086 3562 port.
1105 3478 1125 3539 l
1141 3500 1174 3562 p.
1187 3479 1249 3540 179
1268 3479 1491 3560 cupa-Boua
1513 3481 1597 3544 1683

259 3595 384 3674 lepimus
408 3593 541 3655 Pellaea·
564 3593 724 3655 editionem
749 3591 960 3654 Coloniensem
989 3594 1064 3653 anni
1087 3591 1171 3653 1536
1203 3612 1271 3654 eum
1299 3593 1415 3655 duobus
1445 3595 1597 3658 codicibus

257 3727 314 3789 per
337 3706 358 3766 Ι.
385 3705 508 3767 Ulitium
531 3705 682 3767 conlatum
705 3702 818 3779 esse3).

361 3818 396 3883 F.
428 3814 615 3899 Splburpius]
642 3824 749 3880 auctor
785 3818 924 3879 editionis
956 3816 1215 3880 commelinianae
1251 3819 1325 3879 unni
1359 3817 1442 3880 1595
1469 3825 1597 3901 praeter
1675 3860 1679 3871 ·
1705 3788 1710 3803 ·

259 3922 483 3993 Bruscbr'anam
507 3930 632 3994 oontnllt
655 3931 772 3992 codices
795 3930 930 3992 Palladii
947 3930 1105 3994 Palatinos
1115 3932 1161 4007 1);
1185 3951 1269 4013 quos,
1292 3951 1360 3992 cum
1381 3951 1482 3993 meuse
1492 3931 1596 4015 Aprili

260 4044 334 4103 anui
356 4041 438 4104 1875
461 4043 578 4104 Rornae
600 4062 749 4116 versarer,
771 4062 819 4103 me
841 4043 874 4102 in
897 4042 1075 4106 bibliotbeco
1097 4042 1243 4106 Vaticano
1265 4042 1312 4103 uel
1332 4045 1433 4124 potius
1449 4044 1595 4107 Palatina

258 4174 321 4217 noa
344 4157 512 4236 repperisse
535 4154 632 4218 cloleo.

324 4430 514 4502 ¹)Gesneri
529 4431 616 4497 praef.
634 4431 749 4485 XLIX.

362 4541 382 4607 )
399 4537 570 4604 Scriptorum
585 4535 628 4586 rei
645 4536 764 4589 rustr'cac
781 4540 896 4588 neuram
913 4536 1076 4590 Latinorum
1094 4542 1180 4591 tomus
1199 4538 1260 4592 III
1272 4537 1359 4606 praef.
1380 4538 1447 4591 IX

361 4638 587 4710 ⁸)Scbueiclcrit
588 4655 636 4693 om
657 4640 707 4693 III
721 4639 809 4708 praefi
832 4640 916 4693 VIII.

361 4747 381 4813 ⁴)
399 4743 556 4799 Schneideri
573 4748 633 4798 torn
653 4743 710 4798 HI
720 4741 808 4812 praef.
831 4743 895 4799 VII.
