3742 5542
865 376 880 405 0

916 560 958 622 40

335 799 424 860 cervi
447 816 584 873 cornua,
607 793 733 857 radices
756 794 831 876 lilii,
854 815 974 877 caprae
997 793 1153 878 ungulas.
1177 795 1239 856 hoc
1260 813 1380 877 genere
1404 799 1549 855 monstra

335 911 435 972 noxia
456 909 678 994 prohibentur.

273 1024 311 1085 12
421 1020 539 1106 Opinio
553 1019 753 1085 Graecorum
770 1027 830 1101 est,
843 1022 871 1083 si
882 1020 986 1084 nubes
999 1019 1197 1084 locustarum
1210 1028 1347 1105 repente
1358 1021 1549 1098 surrexerit,

333 1133 511 1197 latentibus
543 1133 628 1196 infra
660 1141 750 1197 tecta
783 1134 908 1196 cunetis
941 1133 1124 1197 hominibus
1159 1155 1229 1197 earn
1261 1155 1360 1217 posse
1392 1135 1548 1196 transire:

334 1246 423 1330 quod
446 1249 475 1310 si
496 1246 746 1311 inobservantes
769 1247 916 1310 homines
948 1246 1008 1309 sub
1031 1267 1108 1310 aere
1130 1244 1395 1330 deprehendant,
1424 1245 1548 1308 nullum

333 1360 473 1423 fructum
497 1362 608 1425 noceri
618 1357 678 1442 ⁴⁸),
701 1362 728 1422 si
751 1360 904 1423 continuo
929 1379 1042 1423 omnes
1066 1357 1109 1421 ad
1130 1366 1219 1422 tecta
1240 1358 1445 1442 confugiant.
1469 1359 1549 1443 pelli

337 1474 434 1536 etiam
457 1473 607 1537 dicuntur
628 1473 729 1535 amari
750 1471 852 1555 lupini
867 1471 920 1535 vel
941 1473 1083 1556 agrestis
1101 1473 1280 1534 cucumeris
1300 1492 1387 1553 aqua
1401 1470 1548 1552 decocta,

334 1587 363 1649 si
383 1589 504 1651 muriae
527 1587 633 1649 mixta
653 1582 829 1647 fundatur.
849 1586 1024 1648 aestimant
1045 1585 1146 1668 aliqui
1168 1584 1314 1649 locustas
1330 1584 1385 1648 vel
1401 1586 1549 1668 scorpios

334 1698 443 1782 fugari
463 1718 573 1781 posse,
596 1700 624 1761 si
645 1697 748 1779 aliqui
770 1717 813 1759 ex
837 1697 886 1759 his
910 1704 1045 1759 urantur
1066 1699 1099 1759 in
1122 1697 1239 1761 medio.

275 1813 314 1875 13
423 1810 565 1896 Campas
587 1809 733 1874 nonnulli
757 1808 897 1873 ficulneo
923 1812 1033 1873 cinere
1055 1819 1313 1894 persequuntur:
1344 1812 1373 1874 si
1394 1832 1549 1895 perman·
1584 1832 1616 1880 ln

334 1927 450 2005 serint,
474 1925 566 1986 urina
585 1921 708 1986 bubula
730 1929 765 1986 et
786 1943 918 1985 amurca
938 1923 1121 2006 acqualiter
1142 1925 1247 1987 mixta
1269 1923 1484 1987 conferveant
1506 1932 1549 2006 et,

334 2037 390 2100 ubi
412 2035 618 2116 refrixerint,
642 2034 733 2099 olera
755 2038 863 2099 omnia
884 2036 948 2099 hoo
971 2036 1074 2100 imbre
1097 2057 1297 2121 consperge.
1320 2036 1550 2121 prasoeoridus

334 2147 455 2213 Graeci
476 2157 596 2212 vocant
617 2150 778 2224 animalia,
801 2171 887 2233 quae
909 2149 1017 2214 solent
1039 2149 1142 2213 hortis
1165 2169 1303 2214 nocere.
1323 2169 1401 2232 ergo
1424 2153 1549 2212 ventri-

252 2290 258 2309 ι
334 2261 441 2325 culum
470 2264 620 2326 vervecis
649 2265 759 2326 statim
788 2264 886 2326 occisi
909 2263 1041 2346 plenum
1064 2261 1215 2325 sordibus
1237 2263 1305 2325 suis
1328 2263 1452 2346 spatio,
1484 2283 1550 2344 quo

333 2373 519 2452 abundant,
555 2374 673 2438 leviter
707 2374 844 2438 debebis
878 2377 1027 2459 operire.
1057 2381 1134 2458 post
1162 2371 1295 2436 biduum
1323 2376 1472 2457 reperies
1504 2376 1550 2438 ibi
1583 2395 1616 2443 15

334 2486 487 2549 animalia
515 2489 588 2570 ipsa
617 2495 794 2572 congesta.
825 2489 887 2552 hoc
916 2509 987 2551 cum
1011 2486 1062 2550 bis
1084 2485 1139 2550 vel
1161 2487 1258 2549 tertio
1281 2485 1416 2568 feceris,
1446 2509 1550 2573 genus

335 2621 439 2680 omne,
462 2598 550 2683 quod
572 2600 722 2682 nocebat,
747 2603 930 2686 extingues.

273 2711 313 2776 14
427 2710 586 2776 Grandini
620 2713 763 2777 ereditur
797 2713 948 2793 obviare,
982 2715 1010 2776 si
1045 2714 1118 2795 quis
1151 2711 1308 2776 crocodili
1340 2712 1459 2797 pellem
1495 2715 1548 2778 vel

335 2827 483 2908 hyaenae
517 2824 570 2888 vel
600 2828 715 2889 marini
744 2827 837 2889 vituli
864 2847 923 2910 per
950 2827 1058 2909 spatia
1087 2827 1306 2909 possessionis
1338 2827 1547 2891 circumferat

337 2946 368 3001 et
398 2940 431 2999 iu
461 2937 559 3000 villae
588 2946 645 3001 aut
666 2940 765 3002 cortis
788 2939 971 3022 suspendat·
990 2942 1157 3024 ingressu,
1190 2960 1262 3001 cum
1285 2940 1404 3003 malum
1428 2939 1548 3003 viderit
1580 2959 1614 3009 20

331 3053 505 3114 inminere.
534 3053 612 3114 item
644 3053 673 3114 si
704 3052 883 3136 palustrem
912 3050 1111 3116 testudinem
1139 3050 1258 3115 dextra
1279 3073 1376 3116 manu
1399 3055 1548 3137 supinam

332 3163 442 3227 ferens
475 3165 588 3228 vineas
620 3164 825 3248 perambulet
857 3156 892 3228 et
921 3185 1074 3228 reversus
1106 3163 1221 3228 eodem
1256 3164 1352 3228 modo
1384 3167 1432 3228 sie
1459 3164 1547 3228 illam

332 3283 432 3359 ponat
461 3276 619 3357 interra,
648 3275 733 3360 ut⁴⁹)
757 3276 892 3362 glaebas
917 3277 1005 3341 dorsi
1029 3278 1098 3341 eius
1122 3277 1242 3340 obiciat
1264 3285 1476 3356 curvaturae,
1505 3297 1547 3341 ue

270 3461 475 3469 *am—..—

634 3469 644 3497 N

371 3572 385 3620 1
404 3575 545 3634 serpentes
567 3568 594 3623 V
615 3570 686 3635 (onte
709 3575 829 3620 monstra
848 3584 866 3621 a
890 3585 974 3622 menn
996 3569 1116 3624 secanda
1132 3586 1219 3640 supra
1236 3571 1385 3642 seriptum).
1411 3571 1432 3639 Η
1456 3575 1472 3623 3
1491 3575 1613 3624 surrexit

266 3661 306 3715 P²
325 3664 360 3730 (it
377 3677 425 3733 per
442 3669 534 3718 notam
551 3663 705 3733 scriptum),
723 3669 892 3716 surrexerint
909 3680 957 3734 ps.
982 3663 1003 3732 11
1027 3668 1044 3715 4
1061 3666 1132 3717 in'tra
1148 3681 1195 3734 ps.
1211 3664 1232 3735 Η
1257 3667 1272 3717 5
1292 3668 1471 3717 obseruantes
1482 3665 1566 3719 P'E.
1583 3665 1605 3734 Η

266 3759 486 3823 conprehendant
504 3758 538 3811 R.
562 3757 584 3827 Η
607 3759 675 3809 nulli
693 3761 829 3809 fructuum
848 3758 878 3811 Ε
893 3774 939 3828 ps.
964 3757 985 3826 Η
1009 3763 1024 3811 6
1044 3760 1078 3810 ad
1098 3767 1171 3812 tecta
1189 3778 1281 3813 omncs
1300 3761 1333 3816 R.
1360 3759 1380 3829 Η
1404 3765 1464 3812 8in
1483 3765 1560 3812 urina
1573 3758 1611 3825 F,

239 3885 243 3895 ·
266 3867 376 3903 amurca
393 3852 426 3905 R.
451 3850 472 3921 Η
495 3854 635 3904 Extimant
652 3852 687 3919 R,
705 3853 868 3904 Existimant
885 3868 933 3922 ps.
957 3855 979 3922 Η
1003 3857 1125 3906 lucustas
1143 3856 1176 3910 L.
1201 3856 1222 3926 Η
1247 3861 1404 3921 scorpiones
1422 3855 1458 3908 R.
1481 3854 1502 3924 Η
1528 3861 1543 3905 tl
1563 3857 1610 3906 iu-

266 3951 356 4013 gerari
373 3946 406 4000 L.
437 3947 458 4014 ΙΙ
492 3965 526 3999 cx
545 3951 584 3998 cis
602 3962 649 4016 pe.
680 3947 702 4015 Η
733 3951 765 4000 10
783 3956 962 4014 persecuntur
979 3949 1019 4002 P'
1032 3950 1148 4004 VP‘R.
1177 3951 1198 4019 Η
1229 3955 1259 4002 11
1280 3948 1473 4003 urinubulaR.
1498 3949 1519 4018 Η
1548 3966 1609 4001 cum

266 4042 392 4092 ieruaant
412 4040 442 4094 V.
476 4041 496 4110 Η
526 4046 559 4093 12
585 4046 759 4110 refriguerint
775 4043 817 4110 E,
843 4047 999 4111 refrigerint
1016 4045 1050 4100 R.
1081 4046 1102 4115 Η
1131 4048 1176 4098 nel
1195 4049 1270 4099 olera
1289 4047 1345 4111 (uel
1363 4061 1448 4116 supra
1466 4044 1609 4116 scriptum)

270 4134 300 4188 V.
315 4134 336 4203 Η
354 4154 533 4205 conspargere
542 4138 578 4192 Ε.
594 4138 615 4208 Η
633 4141 813 4192 Rasocoridas
824 4139 860 4207 F,
879 4142 1092 4194 Prasocordidas
1101 4142 1137 4210 R,
1146 4139 1345 4216 πρασοκουρίδας
1356 4157 1403 4211 ps.
1420 4143 1441 4212 Η
1460 4145 1491 4194 13
1502 4147 1609 4194 ventri-

266 4230 372 4285 culoE.
397 4231 418 4301 Η
443 4237 474 4283 14
493 4239 584 4285 statim
602 4240 726 4287 ueruecis
742 4235 812 4290 ῘῬ4
822 4235 851 4289 F
861 4234 895 4299 R,
915 4243 949 4288 st.
968 4254 1098 4289 uerueces
1109 4240 1147 4306 L,
1165 4239 1289 4290 uerbecis
1303 4237 1341 4290 P·
1353 4237 1387 4291 G.
1403 4238 1424 4308 Η
1440 4239 1521 4305 pleno
1532 4237 1603 4306 Ε.Η

265 4332 383 4394 spetlum
401 4327 436 4381 E.
462 4329 483 4400 Η
508 4331 539 4380 15
558 4329 640 4382 debes
658 4330 728 4386 ER.
753 4330 774 4400 Η
798 4335 858 4397 ipsa
876 4345 924 4384 om.
938 4332 972 4385 A.
991 4332 1012 4402 Η
1037 4337 1069 4386 16
1087 4341 1116 4386 et
1133 4339 1212 4386 tertio
1230 4335 1264 4388 A.
1289 4335 1310 4405 Η
1336 4338 1367 4386 17
1385 4335 1495 4386 nocebit
1513 4346 1560 4400 98.
1581 4335 1602 4401 Η

265 4429 403 4492 extinguis
412 4425 439 4480 L
447 4425 487 4478 P*
498 4425 539 4479 P³
549 4426 591 4479 P·
602 4427 629 4480 V
638 4426 665 4480 F
676 4426 706 4481 Ε
715 4427 750 4482 Α.
774 4425 779 4495 l
792 4426 795 4495 l
822 4430 853 4480 18
874 4430 1030 4480 aroeodrilli
1050 4429 1149 4494 pellem
1172 4430 1217 4480 uel
1234 4429 1417 4481 mariniuituli
1430 4431 1473 4481 uel
1483 4431 1607 4494 hyaenae

265 4519 306 4588 R,
324 4523 463 4573 crocodilli
481 4521 521 4575 P²
536 4521 674 4591 ΠΨ,
693 4524 783 4590 hynae
801 4522 834 4586 12,
852 4525 959 4590 hyaene
976 4524 1024 4590 1³¹,
1042 4525 1149 4589 hyenae
1170 4524 1200 4577 V.
1225 4525 1247 4594 Η
1271 4528 1304 4577 ii)
1322 4530 1406 4577 curtis
1426 4526 1461 4593 R,
1480 4529 1562 4577 cortis
1585 4526 1612 4582 V

265 4617 297 4684 (v
313 4616 570 4687 suprascriptum).
594 4615 615 4687 Η
640 4620 672 4669 21
691 4620 840 4690 plaustrem
849 4617 882 4675 L.
906 4617 927 4689 Η
952 4618 1090 4676 msnusR.
1114 4618 1136 4693 Η
1161 4622 1237 4676 23111
1256 4627 1355 4675 terram
1367 4620 1402 4677 R.
1426 4622 1447 4692 Η
1471 4629 1499 4673 et
1510 4623 1608 4690 glebas

264 4710 465 4780 P⁸P'P⁴9⁸·
489 4712 511 4780 ll

159 5028 289 5190 s>
