3742 5542
925 655 963 718 51

844 763 1050 773 ..—-·-———--

274 908 474 979 scriptumest),
494 914 517 975 1,
537 911 579 975 21,
597 912 612 960 2
631 913 654 960 si
678 910 767 959 foeum
786 913 908 975 proxime
927 910 1047 958 habeant
1065 910 1200 958 etlumen
1220 905 1252 973 (i.
1272 920 1293 960 e.
1315 910 1401 972 ignem
1421 904 1462 957 uel
1479 919 1514 957 se.
1533 903 1616 970 ignis)

274 1008 422 1071 intendant,
444 1010 465 1071 i,
485 1010 527 1070 36,
547 1008 562 1055 3
584 1010 619 1056 sit
637 1011 727 1056 autem
747 1007 794 1072 [se.
814 1007 889 1072 area]
908 1008 970 1056 loeo
989 1005 1106 1055 sublimi.

377 1102 410 1167 ²³)
430 1099 563 1154 Gesnerus
586 1105 611 1152 et
628 1098 807 1154 Sebaeideeus
830 1105 892 1153 ante
917 1103 979 1151 albo
1005 1098 1129 1151 inserunt
1147 1115 1195 1160 ex,
1221 1096 1294 1165 qued
1319 1111 1547 1165 superuacaneum
1571 1101 1616 1149 est.

273 1197 307 1261 ef.
326 1200 355 1260 1,
378 1201 417 1262 13,
438 1203 450 1247 1
471 1204 518 1247 aut
536 1198 637 1248 tabulis
655 1199 785 1248 faciemus
804 1203 852 1247 aut
870 1200 980 1262 oannis,
1000 1199 1029 1260 1,
1049 1202 1081 1248 31
1101 1194 1169 1263 (38),
1189 1197 1204 1245 (i
1224 1195 1264 1259 (1)
1290 1200 1404 1258 possunt
1423 1200 1513 1244 tamen
1532 1197 1612 1244 etiam
1703 1258 1707 1271 Ι

272 1294 367 1344 ferulis
386 1293 451 1342 fieri.
484 1296 507 1341 si
525 1293 593 1342 haee
611 1292 711 1355 desint,
735 1294 847 1357 salignis
873 1293 1018 1341 viminibus
1037 1292 1204 1342 fabricentur
1222 1291 1265 1340 vel
1284 1291 1357 1355 ligno
1377 1295 1491 1340 cavatae
1510 1290 1614 1340 arboris

273 1393 321 1440 aut
339 1390 448 1439 tabulis

375 1484 408 1550 Η)
427 1480 629 1536 Substantiuum
646 1485 827 1549 perpluvium‚
847 1485 871 1547 i,
891 1480 964 1549 quod
983 1480 1097 1533 uuerbe
1114 1483 1259 1547 perpluere
1277 1479 1319 1532 un
1336 1478 1462 1543 iuuare,
1490 1482 1521 1531 ut
1539 1479 1614 1529 dilu-

271 1583 345 1630 vium
370 1593 388 1629 u
412 1579 530 1640 diluere,
554 1579 659 1628 eluvies
683 1576 716 1628 ab
742 1578 848 1643 eluere,
873 1579 1023 1642 inpluvium
1051 1591 1085 1628 ae
1108 1577 1283 1641 eonplnvium
1302 1575 1336 1626 nb
1353 1576 1477 1639 inpluere
1496 1589 1528 1626 ue
1546 1568 1627 1623 eon-⁸

270 1676 374 1740 pluere,
395 1687 556 1741 nitantuuam
576 1671 651 1724 nullo
670 1671 726 1724 ulie
744 1672 800 1725 loeo
818 1670 966 1738 inuenitur,
985 1677 1072 1724 tamen
1089 1670 1210 1724 nruuintu
1227 1668 1280 1734 fide
1299 1685 1331 1724 ae
1348 1683 1476 1723 censensu
1491 1668 1614 1722 codicum

271 1769 397 1823 Palladii
414 1767 655 1822 vetustissimorum
673 1767 858 1834 confirmatur.

375 1869 409 1934 ²⁵)
428 1865 467 1931 Cf.
490 1864 644 1918 Vitruvium
662 1871 686 1930 7,
706 1870 731 1930 2,
751 1871 774 1915 1.

374 1964 408 2028 η)
428 1961 506 2031 Quod
519 1965 633 2030 propter
651 1975 807 2014 eonsensum
825 1960 947 2014 coelicum
964 1978 1096 2012 marmore
1121 1960 1152 2012 in
1175 1977 1324 2012 marmoreo
1342 1974 1397 2011 nou
1411 1957 1494 2022 terite
1511 1957 1614 2011 mutari

266 2061 368 2126 potest,
397 2057 605 2126 subplementnm
624 2055 796 2124 intellepatur
815 2060 905 2107 laeto.
931 2056 984 2109 leue
1003 2054 1123 2120 aceedit,
1151 2054 1222 2122 qued
1249 2053 1461 2108 instrummtulis
1478 2054 1615 2107 ablativus

269 2158 295 2206 et
318 2152 355 2205 ud
379 2153 487 2206 uerbum
511 2158 651 2219 cooperire
675 2157 700 2205 et
723 2151 761 2204 ael
779 2155 905 2218 subigere
923 2152 1012 2221 nra-pis
1029 2151 1169 2205 eonsuenire
1186 2150 1254 2203 attilii
1271 2149 1383 2203 uidetur·
1401 2166 1482 2218 quam
1496 2165 1611 2219 praepo-

268 2250 332 2303 sitio
351 2268 392 2301 ex.
407 2255 550 2318 praeterea
568 2249 600 2315 ef.
616 2247 691 2315 infru
704 2252 843 2300 marmoris
859 2252 945 2315 grani,
964 2252 988 2314 1,
1008 2252 1050 2313 21,
1070 2252 1083 2298 1
1103 2265 1120 2300 a
1137 2251 1331 2314 septemtrione
1349 2248 1506 2313 luminibus,
1526 2251 1550 2312 1,
1568 2248 1611 2313 35,

270 2351 285 2397 2
305 2363 338 2397 ex
357 2351 471 2398 cameris
489 2349 637 2412 fuliginem.

372 2445 406 2510 ²⁷)
426 2441 465 2507 Cf.
487 2450 509 2509 1,
531 2448 569 2505 10,
590 2448 602 2492 1
623 2460 692 2508 quae
762 2442 819 2494 edit
836 2444 976 2494 stridores.

371 2538 685 2606 ²⁸)1amSebneiulerus
708 2537 842 2591 intellexit
865 2541 1007 2589 obscuram
1032 2552 1086 2590 esse
1109 2536 1291 2590 necessarium
1312 2540 1426 2605 prepter
1443 2534 1611 2603 insequentia

268 2631 349 2682 uerba
366 2634 410 2680 vel
430 2634 561 2682 obscurae
578 2637 748 2697 proximam:
775 2632 852 2684 leutio
870 2638 960 2685 autem
978 2635 1093 2684 obseure
1111 2637 1240 2698 positam,
1268 2646 1349 2699 quium
1366 2629 1396 2684 E
1411 2630 1503 2696 liutet,
1530 2645 1612 2683 enten-

269 2725 344 2778 tlatio
362 2725 439 2779 tttnu
457 2725 566 2778 librarii
579 2742 632 2778 esse
650 2726 757 2779 uidetur
775 2743 859 2795 neuile
877 2727 1043 2795 adcipienda
1061 2733 1109 2794 est,
1127 2728 1200 2796 quod
1218 2743 1306 2780 munes
1324 2726 1375 2779 elii
1393 2725 1497 2778 coelites
1514 2731 1611 2791 proxi-

268 2839 338 2872 mam
352 2822 492 2890 praebent,
511 2823 542 2874 in
560 2837 650 2874 eorum
666 2837 775 2875 numero
793 2823 850 2890 ipse
869 2821 955 2875 codex
975 2823 1025 2887 P³,
1044 2838 1079 2876 eu
1097 2838 1150 2891 que
1168 2823 1198 2875 Ε
1211 2823 1301 2890 duxit.

372 2919 406 2983 19)
425 2916 485 2969 Ηο0
510 2916 567 2969 1000
592 2919 693 2967 asellus
711 2916 844 2984 spondam
867 2916 1012 2985 uitandam
1038 2917 1178 2985 upntnrm
1195 2917 1326 2985 lipneom,
1352 2933 1432 2984 quam
1448 2932 1497 2970 nos
1516 2917 1610 2982 „bed”

267 3009 397 3062 dr'eimus:
422 3015 452 3063 ut
470 3013 586 3076 basella,
606 3010 678 3079 qued
696 3016 794 3064 ueteres
811 3011 944 3064 editiones
961 3016 987 3065 et
1004 3027 1038 3065 eu
1055 3013 1094 3065 eis
1112 3012 1202 3066 lenita
1219 3017 1251 3064 ut
1269 3009 1338 3072 ἅπαξ
1357 3009 1486 3086 εἰρημένον
1504 3013 1609 3077 hubent,

265 3110 303 3158 est
317 3106 389 3171 falso
403 3123 454 3174 per
473 3107 687 3176 dittoprupbiam
705 3113 807 3162 ortum:
826 3107 1023 3162 deminutivum
1040 3113 1129 3161 autem
1143 3122 1162 3159 a
1176 3107 1280 3161 nomine
1295 3110 1368 3158 basis
1383 3106 1494 3160 dustrem
1505 3107 1608 3161 Graece

265 3206 331 3254 esset
347 3204 483 3254 basidium
502 3202 658 3271 (βασείδιον),
677 3207 800 3256 basieula
818 3203 934 3270 Latine,
959 3202 984 3255 si
1002 3202 1108 3270 quidem
1125 3202 1156 3254 in
1173 3219 1225 3255 usu
1243 3207 1324 3256 esset.
1351 3201 1427 3267 inira
1451 3207 1540 3256 autem
1553 3219 1607 3271 pro

266 3298 339 3346 basis
358 3296 427 3350 dieit
443 3298 589 3352 Palladius
606 3302 731 3366 podium,
751 3299 836 3368 quod,
855 3315 888 3353 eu
907 3298 1048 3368 lapidibus
1065 3304 1260 3364 constructum,
1284 3299 1450 3352 eontrarium
1468 3305 1506 3352 est
1524 3299 1608 3368 lipnei

265 3392 350 3442 aselli.
385 3390 418 3455 ef.
438 3398 467 3458 1,
487 3398 518 3444 31
539 3397 613 3460 (38),
642 3401 655 3446 1
676 3396 717 3465 (2)
737 3400 784 3449 sed
805 3401 875 3446 inter
893 3412 925 3445 ea
942 3398 1019 3463 loea,
1042 3413 1111 3460 quae
1130 3400 1227 3446 muniri
1245 3397 1343 3447 debere
1362 3400 1504 3461 praecepi,
1523 3397 1606 3461 podia

263 3492 347 3538 ternis
366 3488 422 3538 alta
439 3491 554 3554 pedibus
573 3494 738 3543 fabricentur
766 3495 877 3543 indueta
896 3499 1017 3543 test-aceo
1036 3498 1064 3542 et
1082 3492 1184 3540 albario
1204 3506 1285 3554 opere
1303 3492 1430 3555 levigata.
1460 3489 1606 3542 Praeterea

263 3583 468 3652 conparandum
491 3590 530 3637 est
552 3591 694 3652 capreolus
713 3588 886 3653 uocabulum,
911 3585 983 3654 quael
1000 3586 1029 3638 in
1048 3585 1219 3654 apricultum
1237 3585 1350 3652 (Colum.
1372 3589 1412 3650 11,
1432 3591 1462 3651 3,
1481 3587 1529 3652 46)
1551 3584 1606 3653 sip-

262 3678 358 3743 uiuent
381 3697 467 3745 genus
485 3679 622 3748 quoddam
639 3685 756 3734 bicornis
776 3686 932 3735 ferramenti
955 3687 981 3734 et
1003 3682 1033 3734 in
1051 3681 1233 3735 areliiteeturu
1251 3682 1313 3736 teeti
1330 3680 1530 3734 materiationis
1546 3696 1605 3732 eum

258 3773 438 3841 particulam,
465 3791 546 3842 eitum
568 3791 616 3828 nos
635 3777 757 3840 „etum
778 3777 951 3846 adpellamus.
977 3777 1315 3844 (eflCoes.b.c.2,10,
1341 3781 1365 3828 3.
1388 3776 1457 3829 Vitr.
1475 3783 1507 3838 4,
1528 3780 1560 3842 2,
1581 3780 1604 3827 1.

262 3871 384 3934 5‚1,9.)
413 3871 444 3922 ele
479 3871 574 3924 ueteris
605 3877 694 3924 autem
727 3873 886 3925 anirrtalium
910 3872 1079 3938 nmninilms,
1103 3888 1171 3940 qliae
1204 3872 1241 3925 ael
1266 3872 1444 3925 iustrumenta
1470 3871 1605 3925 translatu

261 3960 331 4027 sient,
351 3964 426 4030 lentii
444 3982 673 4035 superuacaneum
690 3967 823 4022 uideatur.

364 4061 399 4126 30)
418 4059 553 4115 Glossema
572 4079 605 4116 eu
624 4063 724 4117 Colum.
745 4070 784 4127 li,
806 4068 846 4128 ts,
866 4069 1052 4133 ipromptum
1069 4068 1108 4116 est
1126 4065 1230 4115 obruta.

362 4154 398 4219 ³¹)
417 4152 456 4217 Cf.
476 4158 500 4220 1,
521 4162 560 4218 10,
580 4166 593 4209 2
613 4160 729 4210 fossiles

364 4250 399 4315 ³²)
418 4247 457 4313 Cf.
480 4256 501 4315 1,
522 4256 546 4315 9,
565 4258 580 4301 2
599 4261 707 4306 tremor.

363 4344 699 4414 Μ)1001101101111001110,
726 4364 806 4417 quain
829 4363 917 4401 onmes
942 4347 1047 4401 eodiees
1070 4353 1095 4401 et
1117 4348 1249 4403 editiones
1267 4350 1379 4404 Gesneri
1397 4352 1603 4420 Schneiderique

255 4440 393 4508 praebent,
412 4440 480 4493 milti
496 4440 604 4494 uidetur
621 4457 675 4496 non
693 4444 839 4506 conuenire,
859 4444 926 4512 qum
944 4460 1051 4496 airseres
1070 4444 1100 4497 in
1118 4445 1192 4496 uillis
1210 4447 1251 4498 uli
1268 4462 1321 4500 non
1329 4455 1446 4516 possent,
1465 4448 1491 4501 si
1507 4455 1602 4500 caetus

258 4548 346 4584 rarum
366 4541 470 4588 taittitm
488 4542 577 4586 avium
597 4539 753 4590 habitacula
770 4543 925 4591 necessaria
945 4544 1038 4604 essent,
1057 4556 1126 4607 quae
1143 4543 1275 4596 sententia
1291 4543 1321 4595 in
1336 4543 1387 4596 liae
1397 4545 1540 4613 particula
1552 4548 1599 4595 sed

258 4626 334 4680 inest.
361 4646 394 4683 eu
419 4631 556 4684 contrario
583 4631 728 4685 Palladius
757 4634 839 4687 ’011100
871 4633 939 4687 dieti
961 4641 1066 4686 stereus
1091 4640 1180 4687 avium
1205 4644 1321 4690 maxime
1349 4645 1528 4691 necessarium
1549 4657 1603 4695 esse

259 4727 440 4788 agriculturae
460 4735 575 4794 excepto
595 4746 719 4795 anserum
737 4732 894 4792 laetamine,
912 4732 985 4795 quod
1004 4736 1070 4783 satis
1088 4736 1211 4784 omnibus
1226 4740 1361 4789 inimicum
1378 4734 1421 4789 sit.
1439 4736 1502 4790 huie
1513 4743 1602 4790 eutem

258 4832 383 4873 anserum
399 4821 540 4876 laetamini
562 4824 661 4877 iterum
679 4824 823 4892 obponitur
841 4831 1009 4881 caeterarum
1032 4829 1125 4884 auium
1142 4834 1251 4891 umens.
1287 4830 1318 4897 ei·
1339 4836 1363 4898 1,
1382 4836 1414 4884 31
1436 4835 1506 4901 (38),
1523 4838 1539 4885 8
1559 4837 1600 4901 (3)
