3742 5542
1004 596 1044 683 11

419 870 527 927 autem
559 860 766 945 dispositam,
799 862 835 921 ut
863 856 1020 921 basilicae
1050 846 1153 939 ipsius
1183 855 1290 919 forma
1319 855 1528 918 calcatorium
1557 855 1631 919 loco

418 974 539 1038 habeat
568 972 684 1036 altiore
713 976 952 1050 constructum,
982 966 1024 1031 ad
1048 967 1137 1050 quod
1158 970 1244 1031 inter
1267 965 1349 1030 duos
1371 966 1478 1047 lacus,
1510 969 1567 1049 qui
1589 966 1631 1030 ad

418 1084 614 1171 excipienda
643 1086 719 1147 vina
748 1083 824 1146 hinc
854 1081 929 1146 inde
960 1079 1107 1164 depressi
1137 1082 1216 1161 sint,
1248 1079 1403 1160 gradibus
1433 1079 1537 1143 tribus
1560 1080 1631 1145 lere

419 1197 614 1263 ascendatur
647 1205 704 1260 aut
733 1203 913 1279 quattuor.
945 1215 986 1258 ex
1016 1193 1067 1256 his
1103 1192 1239 1257 lacubus
1271 1192 1401 1256 canales
1433 1195 1548 1257 structi
1579 1193 1633 1256 vel

418 1312 487 1376 tubi
517 1309 635 1374 fictiles
664 1312 748 1373 eirea
780 1314 946 1371 extremos
977 1308 1120 1391 parietes
1148 1315 1279 1369 currant
1301 1314 1335 1369 et
1357 1306 1513 1370 subiectis
1536 1306 1632 1369 lateri
1681 1325 1696 1372 o

354 1425 374 1487 2
418 1444 478 1489 suo
502 1422 597 1487 doliis
620 1444 679 1507 per
701 1422 827 1484 vicinos
850 1421 1161 1483 meatusmanantia
1179 1421 1263 1500 vina,
1271 1419 1472 1484 defundant.
1489 1423 1517 1485 si
1536 1423 1631 1505 eopia

418 1540 520 1600 maior
543 1545 610 1615 est,
633 1533 774 1598 medium
797 1535 938 1617 spatium
962 1535 1052 1616 cupis
1076 1532 1304 1618 deputabitur,
1329 1554 1430 1616 quas,
1452 1555 1493 1598 ne
1515 1534 1632 1597 ambu-

419 1651 507 1713 lacra
528 1649 733 1734 prohibeant,
755 1646 867 1713 asellis
876 1642 918 1727 ²⁹)
941 1646 1112 1710 altioribus
1135 1649 1293 1731 inpositas
1310 1647 1362 1711 vel
1380 1668 1479 1731 supra
1496 1646 1584 1710 dolia
1592 1645 1632 1732 30)

420 1783 595 1847 possumus
620 1760 790 1824 conlocare
814 1761 921 1844 spatio
944 1762 1028 1822 inter
1052 1780 1088 1823 se
1111 1757 1251 1842 largiore
1274 1757 1445 1841 distantes,
1468 1767 1514 1840 ut,
1538 1761 1565 1822 si
1580 1781 1633 1823 res

419 1877 548 1960 exigat,
580 1876 723 1938 curantis
752 1875 906 1936 transitus
935 1875 1042 1956 possit
1069 1870 1217 1938 admitti.
1248 1871 1337 1955 quod
1359 1874 1388 1935 si
1411 1874 1502 1956 cupis
1524 1873 1632 1936 locum
1666 1894 1699 1941 10

418 2010 512 2053 suum
541 1986 788 2073 deputabimus,
819 1989 847 2051 is
877 1986 969 2050 locus
998 1984 1041 2048 ad
1070 1985 1239 2048 calcatorii
1261 1985 1503 2050 similitudinem
1525 1985 1633 2070 podiis

418 2100 573 2165 brevibus
605 2108 638 2164 et
660 2104 807 2164 testaceo
830 2101 1017 2184 pavimento
1040 2097 1216 2181 solidetur,
1250 2107 1300 2180 ut,
1335 2099 1463 2163 etiamsi
1485 2101 1634 2182 ignorata

419 2235 456 2278 se
479 2235 563 2298 cupa
585 2211 769 2291 diffuderit,
802 2210 876 2275 lacu
907 2210 1038 2276 subdito
1067 2214 1271 2297 excipiantur
1293 2233 1358 2275 non
1379 2215 1525 2296 peritura
1548 2215 1633 2294 vina,

419 2348 504 2411 quae
527 2326 689 2391 fluxerint.

882 2591 945 2655 DE
967 2588 1168 2658 HORREO.
1667 2617 1698 2665 15

355 2777 446 2841 XIX
534 2775 624 2843 Situs
656 2775 847 2840 horreorum
878 2778 1027 2858 quamvis
1058 2777 1161 2858 ipsam
1185 2775 1351 2840 desideret
1372 2777 1569 2861 partem³¹),
1602 2792 1634 2844 et

420 2891 569 2973 superior
586 2897 619 2953 et
634 2889 732 2974 longe
749 2888 791 2952 ab
807 2891 892 2951 omni
904 2910 1016 2952 umore
1034 2898 1068 2953 et
1080 2889 1251 2954 laetamine
1270 2898 1303 2953 et
1314 2891 1451 2954 stabulis
1463 2895 1632 2976 ponendus

421 3009 472 3065 est
485 2999 636 3087 frigidus,
658 3008 815 3065 ventosus
839 3010 869 3063 et
891 3003 1008 3082 siccus,
1029 3003 1083 3065 ¹oui
1101 3001 1340 3085 providendum
1355 3011 1538 3069 structurae
1556 3006 1631 3068 dili-

420 3115 547 3199 gentia,
579 3135 620 3177 ne
652 3116 740 3177 rimis
770 3116 875 3197 possit
908 3113 1076 3198 abrumpi.
1110 3114 1214 3177 solum
1246 3116 1345 3199 igitur
1379 3138 1473 3180 omne
1505 3117 1631 3201 bipedis

352 3224 355 3230 ’
420 3232 585 3290 sternatur
614 3224 668 3289 vel
697 3224 876 3289 minoribus
899 3224 1082 3306 laterculis,
1113 3246 1196 3308 quos
1220 3227 1343 3291 suffuso
1366 3237 1513 3295 testaceo
1536 3235 1632 3314 pavi·
1665 3253 1698 3300 ro

356 3423 561 3432 ——.---——-

459 3544 587 3593 21111010
606 3553 655 3592 om.
674 3537 706 3593 (i.
739 3538 753 3607 Η
785 3540 820 3590 ad
839 3539 972 3604 quosP'.
1006 3538 1020 3607 Η
1055 3540 1129 3590 lacos
1147 3539 1188 3592 12:
1212 3536 1227 3607 Η
1259 3542 1448 3605 3reripienda
1465 3543 1498 3597 R.
1522 3542 1536 3610 Η
1559 3550 1623 3594 sunt
1643 3549 1699 3597 iero

356 3639 440 3690 tribus
458 3638 588 3703 gradibus
606 3636 769 3686 ascendatur
786 3633 875 3687 uelR.
899 3634 913 3703 Η
937 3638 1018 3686 ⁴taut
1036 3641 1152 3698 quatuor
1171 3637 1334 3686 ascendatur
1350 3652 1391 3704 ps
1423 3638 1437 3703 Η
1465 3642 1479 3687 5
1499 3642 1555 3688 10111
1570 3639 1600 3704 V,
1619 3643 1699 3692 tubae

356 3730 389 3786 (i.
406 3731 450 3799 116
468 3732 616 3783 defendant
628 3728 654 3782 V
670 3732 695 3793 (v
705 3742 790 3795 supro
802 3726 952 3795 tempium).
968 3728 982 3796 Η
998 3733 1012 3778 i
1031 3730 1148 3780 medium
1168 3734 1285 3795 spatium
1294 3747 1343 3783 om.
1353 3731 1388 3784 Ε.
1404 3732 1417 3799 Η
1433 3738 1448 3782 8
1466 3734 1604 3797 inpediant
1616 3736 1647 3785 it.
1673 3736 1685 3803 Η

356 3830 481 3880 vassallis
499 3828 551 3893 P’,
569 3827 677 3878 assellis
695 3824 749 3888 P*,
767 3823 835 3874 duas
853 3826 926 3875 sellis
944 3823 985 3890 Ε,
1004 3827 1114 3876 basellis
1132 3841 1181 3894 ps.
1215 3827 1229 3894 Η
1262 3827 1451 3894 deputabimus
1470 3829 1542 3893 (post
1560 3834 1699 3896 inpositas)

355 3923 453 3977 inserit
469 3923 503 3977 R.
527 3922 541 3990 Η
563 3926 579 3975 8
595 3923 719 3987 inpositis
739 3918 780 3971 P’
798 3919 824 3982 (a
842 3933 928 3987 sopra
945 3918 1093 3986 scriptum).
1115 3920 1130 3987 Η
1154 3938 1237 3987 supra
1256 3926 1353 3974 obruta
1371 3922 1443 3972 dolia
1461 3922 1574 3988 Piis,
1603 3930 1700 3978 obruta

356 4018 418 4073 irtel
438 4035 465 4088 p.
488 4018 503 4086 Η
532 4020 702 4084 epossinus
719 4015 752 4068 L.
776 4013 790 4082 Η
817 4018 939 4081 longiore
958 4015 1021 4085 Fq,
1044 4014 1059 4083 Η
1090 4021 1121 4068 10
1139 4023 1272 4069 currentis
1289 4016 1326 4083 E,
1345 4024 1484 4068 currentes
1502 4020 1536 4071 ii.
1566 4019 1579 4086 Η
1612 4023 1701 4074 Debet

356 4119 438 4166 etiam
456 4117 482 4164 iu
501 4117 656 4179 pauimento
675 4113 710 4164 ad
728 4111 868 4162 calcatorii
885 4110 993 4162 modurn
1012 4116 1120 4163 testatio
1140 4115 1228 4165 solida
1246 4113 1318 4177 lieri,
1341 4114 1498 4177 proeliuiori
1515 4117 1575 4167 loco
1594 4124 1625 4169 ut
1643 4122 1666 4169 si
1684 4138 1700 4171 a

357 4214 434 4277 cupis
452 4213 497 4261 uel
516 4210 595 4261 doliis
613 4213 677 4260 uina
695 4210 880 4275 profluxerint,
901 4211 1000 4261 ibidem
1019 4216 1214 4262 construentur
1231 4209 1291 4276 (pro
1309 4208 1381 4272 quod
1400 4211 1422 4258 si
1433 4240 1462 4247 —
1476 4212 1611 4276 fluxerint)
1627 4215 1660 4264 R.
1677 4214 1685 4281 l

358 4310 387 4356 11
409 4307 600 4371 deputauimus
618 4302 861 4357 LP²P³EGF.
885 4302 899 4369 Η
929 4309 953 4355 is
972 4318 1020 4357 orn.
1044 4304 1190 4372 anisii.
1220 4303 1233 4371 Η
1263 4305 1409 4356 calcatorio
1431 4305 1460 4358 V.
1489 4305 1502 4373 Η
1538 4313 1567 4357 12
1587 4313 1700 4360 testacio

361 4398 713 4467 V,testatioLP²P³P⁴.
738 4398 752 4467 Η
778 4402 809 4450 13
827 4415 881 4450 non
899 4398 962 4453 incl.
980 4415 1006 4469 9.
1037 4400 1051 4470 Η
1082 4401 1112 4451 15
1132 4407 1160 4452 et
1177 4401 1294 4463 qualiter
1311 4417 1395 4466 grana
1414 4403 1603 4454 carcerantur
1620 4402 1701 4457 addit

274 4520 277 4525 ·
358 4496 391 4547 R.
424 4494 439 4563 Η
472 4500 501 4545 16
520 4496 597 4547 Sicut
617 4509 643 4561 p.
675 4492 691 4559 ΙΙ
724 4494 939 4562 [septentrionis]
959 4492 1089 4563 additu,
1115 4492 1268 4546 abeuntis
1289 4511 1309 4547 s.
1342 4495 1356 4563 Η
1389 4498 1433 4547 vel
1452 4499 1515 4564 (pro
1533 4498 1571 4560 et)
1592 4496 1639 4548 1³³.
1673 4500 1685 4563 Η

360 4596 389 4643 ii
410 4593 442 4641 ab
462 4594 580 4641 omnium
599 4606 645 4639 ore
663 4586 748 4653 LP2,
765 4591 799 4640 ab
819 4593 892 4639 omni
911 4589 993 4639 odore
1011 4587 1047 4654 A,
1066 4590 1099 4638 ab
1118 4591 1190 4638 omni
1208 4591 1291 4641 odore
1310 4593 1381 4641 malo
1395 4592 1425 4644 R.
1453 4590 1468 4657 Η
1499 4593 1605 4643 stabulo
1625 4594 1656 4644 R.
1681 4594 1694 4661 Η

362 4692 391 4737 18
409 4686 609 4752 prouidendum
627 4689 670 4734 est
682 4680 748 4735 VE.
776 4681 790 4750 Η
816 4687 846 4735 19
866 4684 990 4749 obrumpi
1007 4681 1039 4736 G.
1065 4682 1078 4750 Η
1104 4700 1182 4735 omne
1201 4698 1250 4736 orn.
1269 4683 1303 4739 (i.
1326 4685 1340 4753 Η
1361 4688 1504 4753 bipedibus
1523 4689 1568 4738 uel
1586 4694 1699 4742 minori-

358 4784 410 4835 bus
428 4782 570 4832 latereulis
588 4784 725 4830 sternatur
735 4778 768 4829 R.
785 4777 847 4846 1120
864 4781 959 4831 sufuso
968 4779 1003 4846 L,
1021 4779 1137 4831 suffosso
1147 4779 1188 4832 1²³
1198 4780 1228 4833 Ε
1234 4780 1264 4834 F
1273 4782 1305 4832 R.
1322 4780 1336 4849 Η
