3742 5542
908 595 951 659 45

831 699 1034 707 ---—-——-

324 845 434 904 tentur
463 859 523 903 uec
551 836 724 901 conlocare
754 855 815 898 nec
837 833 965 916 aperire
989 829 1133 894 alvearia
1154 831 1216 894 uisi
1237 850 1377 915 vespere
1398 831 1539 894 instante

325 949 503 1014 debemus.
527 948 732 1034 speculemur
755 944 873 1009 deinde
897 945 1131 1029 pertriduum,
1154 965 1195 1009 ne
1219 964 1313 1008 omno
1331 945 1445 1006 ianuas
1462 962 1539 1006 suas
1584 940 1603 1002 2

325 1063 511 1147 egrediatur
530 1082 688 1125 examen.
708 1061 771 1123 hoo
789 1064 875 1124 enim
892 1060 986 1142 signo
1006 1058 1118 1143 fugam
1134 1056 1333 1121 meditantur
1350 1057 1537 1122 adsumere,

324 1184 437 1240 contra
460 1176 542 1238 haec
565 1183 598 1238 et
621 1184 751 1238 caetera
775 1195 834 1238 suo
858 1191 1075 1253 unaquaeque
1094 1193 1207 1236 mense
1226 1169 1540 1235 reddemus.tamen

277 1309 292 1357 5
323 1288 499 1351 creduntur
528 1309 593 1351 non
622 1287 758 1372 fugere,
794 1288 822 1350 si
853 1294 981 1349 stercus
1013 1286 1220 1370 primogeniti
1242 1285 1333 1347 vituli
1358 1284 1539 1347 adlinamus

324 1402 434 1465 oribus
457 1400 671 1466 vasculorum.

784 1649 846 1714 DE
869 1648 1076 1715 BALNEIS.

413 1835 488 1898 Non
510 1834 650 1897 allenum
674 1840 742 1908 est,
775 1834 803 1894 si
826 1852 932 1914 aquae
955 1833 1050 1916 copia
1071 1834 1225 1916 patiatur,
1257 1831 1526 1914 patremfamilias
1549 1836 1716 1905 XXXIX

323 1949 366 2013 de
396 1955 560 2011 structura
589 1945 698 2010 balnei
726 1950 885 2032 cogitare:
919 1967 1082 2028 quaeres
1114 1958 1148 2012 et
1175 1949 1338 2033 voluptati
1368 1950 1541 2034 plurimum
1564 1953 1653 2033 (LX)

260 2083 292 2131 ιο
324 2062 472 2125 conferat
508 2069 540 2123 et
570 2060 690 2124 saluti.
720 2062 833 2142 itaque
864 2061 1016 2124 balneum
1048 2065 1285 2126 constituemus
1315 2065 1348 2124 in
1372 2084 1411 2127 ea
1433 2072 1539 2148 parte,

323 2197 388 2258 qua
424 2175 513 2238 calor
540 2175 668 2238 futurus
694 2183 752 2254 est,
784 2174 856 2238 loco
880 2175 922 2238 ab
944 2196 1057 2239 umore
1079 2196 1260 2259 suspenso,
1290 2197 1331 2241 ne
1354 2176 1443 2261 uligo
1467 2198 1540 2241 eum

323 2289 511 2352 fornacibus
528 2291 635 2352 vicina
654 2288 844 2370 refrigeret.
863 2287 985 2350 lumina
1006 2288 1036 2352 ei
1054 2286 1203 2351 dabimus
1222 2309 1242 2351 a
1258 2296 1351 2372 parte
1364 2288 1542 2354 meridiana

325 2411 358 2466 et
388 2403 568 2467 occidentis
597 2400 741 2481 hiberni,
776 2408 812 2463 ut
838 2408 910 2463 tota
938 2399 991 2464 die
1021 2399 1101 2464 solis
1130 2401 1261 2464 iuvetur
1288 2410 1323 2466 et
1351 2401 1543 2466 inlustretur

324 2523 477 2599 aspectu.
511 2533 727 2598 suspensuras
761 2533 840 2576 vero
876 2510 1032 2576 cellarum
1065 2514 1113 2576 sic
1142 2511 1266 2577 facies.
1297 2535 1407 2578 aream
1435 2516 1540 2600 primo
1585 2515 1605 2576 2

262 2645 293 2694 15
323 2625 452 2710 bipedis
476 2627 609 2690 sternis:
639 2624 793 2688 inclinata
815 2627 858 2688 sit
880 2633 989 2689 tamen
1011 2633 1155 2689 stratura
1175 2625 1218 2689 ad
1240 2627 1421 2709 fornacem,
1445 2636 1490 2709 ut,
1514 2629 1542 2690 si

324 2741 423 2824 pilam
445 2741 582 2820 miseris,
605 2739 691 2801 intro
713 2744 801 2800 stare
824 2759 889 2801 uon
911 2740 1028 2822 possit,
1052 2738 1111 2802 sed
1133 2738 1176 2801 ad
1192 2738 1359 2804 fornacem
1378 2748 1541 2804 recurrat.

325 2856 371 2916 sic
396 2855 540 2933 eveniet,
572 2861 608 2916 ut
630 2853 760 2916 ilamma
782 2849 883 2913 altum
906 2850 1050 2934 petendo
1074 2850 1175 2914 cellas
1198 2851 1298 2915 faciat
1317 2851 1392 2936 plus
1415 2852 1540 2917 calere.

324 2987 424 3050 supra
453 2966 537 3028 hauc
566 2973 740 3029 straturam
772 2961 858 3049 pilae
882 2961 1046 3025 laterculis
1069 2960 1184 3046 argilla
1207 2963 1343 3028 subacta
1366 2971 1399 3028 et
1422 2964 1539 3049 capillo

324 3087 529 3142 constructae
559 3078 638 3141 fiant
668 3077 827 3141 distantes
858 3099 877 3140 a
905 3097 943 3139 se
966 3076 1072 3159 spatio
1096 3074 1191 3159 pedis
1214 3077 1308 3138 unius
1331 3083 1364 3138 et
1386 3078 1540 3156 remissie,

260 3209 293 3258 20
324 3191 411 3255 altae
433 3189 572 3276 pedibus
595 3191 678 3254 binis
701 3192 819 3254 semis.
843 3209 944 3273 super
965 3187 1024 3250 has
1046 3186 1130 3271 pilas
1146 3185 1287 3270 bipedae
1306 3188 1543 3250 constituantur

325 3303 420 3366 binae
451 3305 483 3366 in
506 3303 606 3366 altum
630 3311 730 3386 utque
754 3303 804 3365 his
827 3299 1108 3385 superfundantur
1131 3307 1278 3364 testacea
1299 3301 1487 3384 pavimenta
1510 3309 1543 3362 et

325 3422 419 3496 tuno,
443 3418 471 3479 si
493 3419 588 3501 copia
613 3425 674 3496 est,
696 3436 858 3479 marmora
880 3412 1112 3478 conlocentur.
1135 3412 1307 3475 miliarium
1331 3432 1410 3475 vero
1433 3410 1542 3495 plum·
1586 3413 1607 3476 3

323 3527 437 3607 heum,
462 3530 513 3592 eui
535 3550 633 3592 aerea
655 3531 768 3612 patina
790 3528 919 3608 subest,
942 3528 1028 3588 inter
1051 3524 1207 3588 soliorum
1231 3527 1338 3608 spatia
1359 3523 1542 3587 forinsecus

322 3650 502 3708 statuamus
524 3642 658 3706 fornace
680 3643 844 3722 subiecta,
877 3640 919 3704 ad
943 3638 1031 3724 quod
1052 3640 1213 3702 miliarum
1235 3639 1348 3703 fistula
1369 3638 1540 3723 frigidaria

261 3773 293 3821 25
325 3756 481 3842 dirigatur
512 3765 545 3821 et
574 3756 615 3821 ab
646 3757 709 3821 hoc
736 3756 779 3819 ad
802 3756 916 3820 solium
940 3754 1054 3818 similis
1077 3752 1307 3838 magnitudinis
1330 3754 1440 3817 fistula
1461 3776 1542 3840 pro-

313 3959 346 3964 --
354 3958 465 3965 ——-—-

283 4071 286 4075 ⁸
364 4095 460 4159 2p0st
477 4095 594 4145 triduum
612 4091 780 4147 LP³P⁴G.
805 4090 826 4159 Η
856 4092 936 4142 4ucl
954 4098 1064 4142 caetera
1082 4088 1197 4144 codices.
1221 4091 1242 4160 Η
1272 4106 1435 4157 unoquoque
1452 4091 1488 4159 R,
1506 4110 1606 4144 unum-

261 4190 387 4254 quodque
404 4203 452 4254 ps.
484 4189 505 4256 Η
541 4191 721 4241 nereduntur
740 4189 886 4252 coningere
903 4185 954 4251 P’,
973 4203 1026 4237 non
1044 4189 1139 4251 fugere
1157 4187 1305 4237 creduntur
1322 4186 1357 4240 R.
1390 4187 1411 4255 Η
1443 4189 1609 4254 primigeniti

260 4283 380 4338 LP2F.
407 4283 428 4352 Η
452 4284 585 4334 alinamus
603 4286 728 4336 horribus
745 4282 779 4336 R.
804 4281 825 4351 Η
849 4286 864 4334 8
884 4285 989 4347 copiam
1008 4281 1048 4334 P¹
1067 4281 1102 4335 R.
1132 4280 1152 4350 Η
1182 4284 1380 4347 paterfamilius
1403 4283 1437 4336 R.
1461 4283 1484 4352 Η
1507 4285 1607 4336 tides-

260 4387 350 4432 tructa
368 4379 394 4432 L
413 4380 451 4445 (m
469 4393 487 4430 u
504 4393 586 4431 mauu
603 4379 721 4433 secunda
738 4392 824 4448 supro
841 4376 995 4446 scriptum).
1031 4375 1052 4444 Η
1101 4380 1132 4428 10
1151 4378 1256 4428 confert
1273 4376 1414 4431 P¹P³P⁴
1429 4377 1459 4432 F
1466 4376 1492 4431 G
1509 4394 1556 4447 pa.
1580 4379 1602 4448 Η

262 4479 292 4526 11
312 4489 431 4542 quamn.
449 4474 483 4529 u.
515 4473 536 4542 Η
571 4475 601 4524 15
620 4475 745 4539 bipedem
760 4474 795 4528 R.
819 4472 840 4542 Η
866 4476 897 4524 16
917 4474 952 4523 ad
974 4471 1556 4544 Vtamuausecundusomascriptam).
1580 4476 1601 4545 Η

263 4571 294 4620 18
312 4568 444 4635 superii.
470 4568 491 4637 Η
523 4574 684 4619 structurum
696 4567 730 4621 R.
750 4567 776 4637 Η
801 4571 832 4619 19
851 4565 978 4621 semisR.
998 4565 1018 4633 Η
1043 4571 1074 4617 21
1095 4568 1183 4631 adque
1197 4567 1246 4621 1³².
1270 4568 1291 4638 Η
1316 4572 1350 4620 22
1367 4568 1561 4624 mimariumR.
1580 4569 1601 4638 Η

260 4664 294 4714 ‘23
311 4680 374 4715 arca
395 4664 430 4732 V,
454 4680 516 4714 arca
534 4662 568 4716 R.
592 4661 613 4730 Η
638 4666 671 4714 24
689 4664 724 4712 ud
742 4663 849 4728 adquod
867 4662 900 4715 L.
925 4662 946 4731 Η
970 4666 1122 4713 mimarium
1139 4661 1183 4729 R,
1199 4667 1341 4715 mimarum
1359 4663 1395 4717 F.
1420 4663 1441 4733 Η
1464 4664 1556 4715 fistula
1576 4694 1606 4702 —

262 4762 454 4824 magnitudinis
472 4757 565 4812 omli.
590 4758 611 4827 Η
636 4759 668 4809 nt
687 4759 819 4823 dirigatur
836 4787 869 4796 -
887 4759 979 4808 fistula
993 4756 1018 4810 V
1033 4755 1064 4808 ia
1079 4756 1210 4826 mospius.
1235 4759 1256 4827 Η
1280 4761 1315 4811 ad
1334 4773 1383 4812 om.
1402 4759 1435 4815 R.
1460 4758 1482 4828 Η
