3742 5542
917 598 958 663 23

236 844 242 853 ·
337 840 446 896 mento
470 832 627 897 debemus
650 836 843 918 inprimere.
864 841 941 896 tunc
960 833 1083 897 divisas
1100 834 1209 914 cellas,
1233 837 1262 897 si
1280 854 1416 917 magnus
1434 851 1548 915 spera·
1593 827 1614 890 2

339 946 427 1009 bitur
440 949 596 1010 seminum
609 947 735 1026 modus,
759 969 861 1032 grano
877 950 994 1030 cuique
1009 949 1187 1011 tribuemus
1203 1001 1209 1012 .
1228 951 1254 1011 si
1266 955 1374 1010 terrae
1385 964 1548 1029 pauperes

338 1063 461 1124 minora
484 1063 675 1144 promittunt
698 1062 752 1125 vel
775 1064 914 1126 craticiis
933 1059 1039 1146 podiis
1058 1070 1152 1125 eruut
1167 1058 1380 1124 discernenda
1399 1060 1548 1142 granaria

335 1170 389 1236 vel
424 1176 571 1237 vimineis
606 1175 747 1237 vasculis
778 1175 930 1239 redactus
959 1184 1075 1238 tenues
1108 1195 1342 1258 congeremus,
1370 1170 1428 1234 scd
1451 1172 1547 1234 factis

290 1303 305 1352 5
337 1287 497 1371 granariis
521 1307 652 1349 amurca
673 1286 742 1350 luto
765 1289 870 1349 mixta
892 1289 1034 1370 parietes
1058 1287 1207 1362 linuntur,
1229 1289 1280 1349 cui
1302 1285 1393 1349 arida
1416 1284 1548 1346 oleastri

334 1398 414 1461 folia
434 1397 487 1461 vel
508 1399 614 1461 olivae
633 1421 693 1483 pro
712 1400 816 1482 palcis
833 1399 1032 1462 adiciuntur:
1057 1421 1121 1483 quo
1142 1402 1280 1463 tectorio
1297 1401 1419 1462 siccato
1435 1417 1547 1459 rursus

334 1532 466 1575 amurca
488 1514 711 1596 respergitur:
735 1532 822 1595 quae
833 1511 889 1575 ubi
903 1513 1025 1574 siccata
1041 1512 1151 1591 inerit,
1174 1511 1337 1573 frumenta
1353 1508 1545 1573 condentur.

332 1624 415 1686 haec
437 1645 490 1687 res
512 1623 758 1708 gurgulionibus
782 1632 815 1687 et
838 1627 976 1687 caeteris
998 1627 1106 1688 noxiis
1125 1624 1315 1688 animalibus
1333 1625 1462 1685 inimica
1478 1630 1546 1685 est.

332 1737 433 1820 aliqui
456 1737 618 1799 coriandri
640 1737 720 1799 folia
736 1737 907 1800 frumentis
926 1740 1064 1801 miscent
1082 1738 1122 1801 ad
1141 1737 1336 1801 servandum
1355 1737 1545 1821 profutura.

272 1868 303 1916 10
334 1849 413 1911 nihil
437 1858 544 1912 tamen
568 1848 768 1912 commodius
792 1852 854 1912 erit
875 1851 930 1913 diu
955 1851 1177 1916 custodiendis
1197 1852 1378 1932 frumentis,
1403 1851 1547 1933 quamsi

335 1983 377 2025 cx
407 1963 493 2024 arcis
523 1963 556 2024 in
582 1961 720 2024 alterum
748 1965 887 2026 vicinum
911 1963 1016 2026 locum
1040 1963 1204 2026 transfusa
1226 1963 1460 2047 refrigerentur
1483 1960 1546 2023 ali-

334 2078 463 2158 quantis
498 2073 613 2138 diobus
644 2082 742 2156 atque
772 2078 817 2138 ita
849 2075 975 2138 horreis
1006 2076 1207 2141 inferantur.
1237 2083 1335 2158 negat
1363 2073 1545 2139 Columella
1589 2076 1609 2138 3

334 2189 520 2253 ventilanda
551 2209 624 2252 esse
654 2188 832 2268 frumenta,
867 2192 944 2273 quia
969 2191 1073 2273 magis
1096 2192 1271 2252 miscentur
1293 2188 1444 2251 animalia
1466 2191 1545 2250 totis

333 2305 475 2366 acervis.
506 2322 592 2384 quae
618 2304 646 2366 si
668 2323 732 2365 non
754 2310 963 2382 moveantur,
993 2303 1026 2364 in
1048 2303 1233 2364 summitate
1255 2303 1339 2363 intra
1361 2321 1544 2363 mensuram

271 2434 302 2484 15
334 2415 433 2500 palmi
468 2415 647 2478 subsistent
679 2425 712 2478 et
743 2415 806 2478 hoc
834 2415 925 2479 velut
959 2423 1118 2498 conrupto
1150 2417 1238 2478 eorio
1269 2421 1399 2478 caetera
1421 2412 1544 2476 inlaesa

332 2528 511 2592 durabunt.
540 2528 664 2590 adserit
692 2527 778 2591 idem
807 2530 907 2590 noxia
935 2527 1086 2591 animalia
1115 2527 1200 2591 ultra
1226 2525 1426 2611 praedictam
1450 2547 1544 2589 men-

331 2663 438 2705 suram
465 2663 528 2703 non
554 2662 654 2725 posse
682 2643 851 2724 generari.
874 2640 977 2704 herba
1000 2662 1125 2724 conyza
1147 2642 1248 2717 sicca,
1280 2648 1316 2701 ut
1339 2636 1458 2701 Graeci
1481 2638 1543 2700 ad-

331 2762 459 2832 serunt,
498 2752 663 2816 substrata
692 2753 862 2816 frumentis
892 2752 984 2815 addit
1014 2755 1115 2817 aetati
1128 2749 1176 2833 ³²).
1207 2751 1249 2815 ab
1278 2752 1403 2814 horreis
1434 2761 1542 2814 tamen

329 2874 440 2933 auster
463 2888 537 2931 esse
559 2865 659 2931 debet
681 2887 826 2929 aversus.

700 3106 762 3170 DE
786 3106 894 3172 OLEI
917 3107 1161 3173 FAOTORIO.

419 3262 546 3327 Olearia
567 3264 650 3328 cella
671 3263 857 3327 meridianis
879 3267 922 3328 sit
944 3265 1073 3328 obiecta
1090 3266 1236 3349 partibus
1257 3275 1289 3329 et
1306 3275 1420 3330 contra
1437 3267 1542 3350 frigus
1564 3264 1639 3331 XX

328 3375 462 3453 munita,
484 3384 521 3438 ut
534 3377 580 3439 illi
596 3398 657 3461 per
673 3376 857 3461 specularia
871 3376 992 3440 debeat
1005 3377 1114 3441 lumen
1130 3377 1276 3441 admitti.
1298 3380 1344 3440 ita
1360 3386 1392 3441 et
1410 3398 1540 3462 operas,

367 3618 375 3661 1
398 3616 512 3664 multum
536 3614 599 3683 (pro
623 3619 749 3684 magnusl
774 3619 808 3669 R.
823 3616 836 3685 Η
860 3623 1004 3670 2seminis
1024 3618 1066 3686 E,
1091 3621 1195 3671 fruetus
1214 3620 1247 3671 R.
1263 3618 1276 3687 Η
1300 3623 1396 3672 modus
1414 3635 1464 3677 om,
1484 3620 1516 3670 R.
1533 3620 1545 3688 Η
1569 3622 1604 3670 Et

260 3713 283 3758 si
306 3708 331 3760 E
344 3724 389 3776 ps.
407 3711 421 3776 Η
435 3715 580 3779 pauperies
598 3713 620 3762 R
634 3729 682 3780 pa.
700 3713 713 3779 Η
728 3719 744 3764 3
761 3720 895 3779 promittit
911 3716 937 3767 R
955 3730 994 3783 pa
1017 3713 1030 3782 ΙΙ
1045 3719 1165 3780 graticiis
1180 3715 1298 3780 LP’R,
1317 3720 1424 3767 creticis
1440 3715 1488 3781 P‘,
1507 3720 1603 3767 oraclis

261 3805 294 3857 E.
320 3805 333 3870 Η
363 3808 513 3870 parietibus
533 3809 594 3875 (pro
612 3809 711 3872 podiis)
730 3807 781 3860 erit
800 3809 833 3859 R.
856 3809 870 3878 Η
900 3812 1059 3862 tredactos
1077 3810 1108 3876 V,
1126 3816 1152 3861 in
1172 3828 1240 3875 quae
1260 3813 1385 3862 redactus
1403 3809 1480 3875 EG,
1498 3811 1603 3862 reditus

260 3914 307 3966 ps.
322 3898 336 3963 Η
352 3916 531 3964 congruemus
543 3901 579 3967 F,
599 3904 758 3968 colligemus
768 3920 815 3971 ps.
832 3903 845 3971 Η
868 3907 951 3955 5luto
962 3921 1004 3956 om
1024 3905 1054 3958 E.
1072 3903 1085 3971 Η
1104 3905 1329 3961 liniunturP⁴G.
1346 3908 1465 3957 linantur
1476 3906 1515 3958 1³³
1526 3904 1559 3958 Ε.
1575 3905 1589 3971 Η

261 3997 304 4043 cui
322 4008 369 4044 oua
382 3997 412 4045 E.
428 3995 441 4062 Η
457 3999 524 4047 aridi
542 4012 631 4048 cornea·
644 4002 754 4064 praeter
771 4014 791 4050 s.
815 3999 829 4067 Η
850 4003 865 4050 6
884 4002 928 4051 vel
948 4001 1037 4052 oliuae
1056 4002 1121 4051 solia
1138 4016 1186 4068 pa.
1210 3999 1224 4068 Η
1247 4005 1363 4053 tentorio
1382 4001 1414 4053 L,
1441 4001 1456 4068 Η
1485 4005 1499 4048 7
1519 4016 1603 4064 grana

261 4095 323 4160 (pro
341 4094 485 4157 frumenta)
505 4094 538 4146 It.
562 4092 576 4160 Η
607 4095 842 4145 Bcureulionibns
862 4095 931 4148 FB.
961 4096 980 4163 Η
1002 4102 1017 4145 9
1038 4098 1159 4148 roraudri
1179 4097 1259 4163 LP',
1278 4098 1410 4147 roriandri
1433 4096 1463 4161 V,
1482 4096 1602 4146 coriandi

260 4190 292 4239 [i.
314 4186 329 4254 Η
352 4189 494 4238 seruandis
504 4190 536 4239 R.
557 4189 572 4257 Η
597 4191 705 4240 10nihil
724 4195 813 4242 tamen
833 4193 878 4242 diu
897 4193 1082 4244 custodiendis
1101 4196 1241 4244 frumentis
1260 4194 1427 4244 commodius
1445 4196 1496 4243 erit
1513 4206 1559 4259 9⁸,
1576 4190 1588 4257 Η

260 4289 289 4335 ll
311 4288 337 4333 in
357 4285 439 4333 alium
451 4284 482 4333 R.
506 4282 520 4350 Η
538 4287 628 4335 locum
646 4291 764 4338 ricinum
782 4303 829 4354 ps,
846 4287 859 4355 Η
879 4291 1043 4350 refricentur
1060 4292 1162 4354 aliquot
1176 4290 1206 4340 R.
1231 4289 1245 4355 Η
1268 4295 1298 4340 12
1316 4298 1344 4342 at
1362 4295 1458 4355 postea
1477 4291 1540 4356 (pro
1555 4295 1600 4338 at-

258 4396 310 4442 que
330 4381 375 4427 itcl
390 4379 420 4429 R.
435 4379 450 4446 Η
472 4384 503 4429 13
522 4380 706 4432 admiscentur
723 4387 828 4433 aceruis
848 4386 974 4432 animalia
994 4388 1116 4434 inimica.
1136 4402 1204 4449 quam
1220 4387 1249 4435 R.
1273 4386 1287 4452 Η
1313 4389 1343 4437 15
1361 4389 1513 4437 subsistunt
1528 4384 1556 4436 V,
1573 4384 1585 4451 Η

258 4474 340 4523 velud
362 4474 403 4525 P2.
428 4474 441 4540 Η
469 4479 606 4539 corruptio
625 4477 701 4527 uolut
717 4478 748 4527 lt.
773 4477 786 4544 Η
810 4482 967 4542 incorrupta
985 4481 1029 4529 uel
1049 4481 1143 4531 illaesa
1161 4480 1194 4546 R,
1214 4485 1239 4531 in
1259 4484 1327 4532 latos
1347 4480 1586 4547 adrrrahunt1'².ll

262 4574 290 4618 li
310 4574 403 4620 coniza
423 4569 639 4622 LP²VP³P⁴.
663 4570 677 4637 Η
705 4575 733 4622 18
753 4573 846 4623 addita
865 4578 949 4624 aetati
965 4573 1048 4640 LP',
1069 4582 1185 4626 aetatem
1197 4575 1238 4643 E,
1257 4578 1404 4628 aetateslt.
1429 4577 1443 4643 Η
1468 4581 1499 4627 19
1518 4577 1600 4629 debet

259 4678 318 4713 esse
335 4661 447 4716 P³EG
458 4664 512 4715 Rs.
527 4663 542 4732 Η
557 4667 689 4716 aduersus
699 4666 745 4719 1³².
762 4664 776 4733 Η
790 4669 823 4717 20
833 4669 873 4718 De
893 4670 995 4720 olearia
1014 4671 1083 4720 cella
1095 4670 1126 4721 R.
1142 4671 1156 4737 Η
1171 4674 1199 4719 21
1212 4672 1335 4736 partibus
1354 4675 1389 4721 sit
1407 4673 1511 4723 obiecta
1524 4674 1554 4723 R.
1572 4673 1585 4741 Η

259 4760 292 4804 22
310 4758 448 4808 obmunita
465 4758 492 4810 A
523 4757 538 4825 Η
