3742 5542
1022 579 1064 642 32

944 687 1149 694 ———-—

369 811 391 876 2
435 836 507 877 cum
524 817 743 879 transierunt.
767 814 921 877 incubant
950 837 969 876 a
992 813 1136 877 calendis
1159 813 1285 876 Martiis
1307 814 1470 896 usquead
1492 817 1651 878 aestivum

434 926 628 993 solstitium.
660 926 734 1011 plus
765 928 906 1009 parient,
939 929 966 988 si
1000 925 1128 1008 gallinis
1159 947 1222 987 ora
1251 925 1437 1009 subponas.
1469 935 1651 989 extremum

433 1049 561 1122 parturn
592 1039 750 1102 matribus
779 1042 842 1101 iam
872 1042 1036 1102 vacaturis
1060 1039 1200 1101 educare
1223 1042 1460 1122 permittimus.
1484 1043 1649 1122 pariturae

435 1152 476 1215 ad
507 1153 620 1215 haram
649 1151 890 1235 perducantur.
914 1172 984 1214 eum
1009 1151 1110 1214 semel
1132 1151 1194 1213 hoc
1215 1151 1352 1235 feceris,
1383 1153 1650 1216 consuetudinem

432 1273 550 1348 sponte
584 1265 789 1329 retinebunt.
824 1264 952 1348 gallinis
988 1267 1072 1326 sieut
1101 1265 1264 1347 pavonina
1296 1266 1392 1327 etiarn
1427 1268 1551 1328 anseris
1587 1286 1650 1326 ova
1698 1284 1710 1332 5

434 1378 599 1462 subponas
620 1432 626 1444 .
644 1377 702 1442 sed
722 1379 873 1441 anserina
890 1398 953 1440 ova
965 1397 1006 1439 ne
1021 1384 1199 1439 noceantur
1209 1374 1257 1455 ⁴²),
1277 1377 1456 1460 subpositis
1473 1378 1650 1440 subiciatur

367 1493 386 1554 3
432 1494 557 1557 urtica.
588 1491 681 1574 parvi
704 1492 816 1573 primis
839 1489 952 1554 decem
976 1490 1091 1553 diebus
1114 1493 1200 1552 intus
1223 1490 1383 1573 pascendi
1407 1501 1498 1571 sunt,
1531 1500 1649 1574 postea

431 1625 547 1668 sereno
573 1625 629 1667 eos
652 1605 831 1687 poterimus
855 1601 1005 1681 educere,
1028 1602 1085 1665 ubi
1106 1606 1211 1666 urtica
1233 1625 1298 1666 non
1320 1603 1429 1683 fuerit,
1453 1606 1544 1666 cuius
1567 1625 1648 1666 acu—

430 1717 500 1780 leos
522 1716 717 1780 formidant.
741 1723 896 1798 quattuor
917 1717 1074 1778 mensium
1097 1715 1181 1778 bene
1205 1717 1409 1799 saginantur:
1434 1738 1507 1778 nam
1530 1715 1646 1779 melius

335 1872 338 1877 ·
430 1831 463 1892 in
492 1837 606 1892 tenera
628 1836 737 1893 aetate
760 1831 1000 1912 pinguescunt.
1023 1826 1156 1910 polenta
1178 1827 1308 1891 dabitur
1329 1830 1362 1890 in
1385 1827 1438 1891 die
1461 1838 1530 1890 tor.
1554 1828 1646 1912 large
1680 1850 1712 1896 10

430 1941 571 2026 vagandi
593 1942 723 2005 licentia
751 1941 963 2026 prohibetur.
986 1941 1059 2002 loco
1083 1940 1222 2003 obscuro
1247 1939 1438 2003 claudentur
1462 1949 1492 2001 et
1518 1940 1644 2007 calido.

431 2058 478 2118 sic
496 2057 636 2118 maiores
653 2057 749 2118 etiarn
769 2052 913 2118 secundo
930 2073 1042 2116 mense
1059 2054 1297 2136 pinguescunt:
1312 2075 1385 2116 nam
1398 2053 1527 2136 parvuli
1544 2074 1644 2137 saepe

431 2166 483 2230 die
506 2169 691 2233 tricesimo.
715 2169 906 2252 saginantur
928 2166 1055 2247 melina,
1079 2167 1107 2229 si
1129 2165 1171 2229 ad
1194 2170 1379 2230 satietatem
1401 2166 1521 2227 rnilium
1546 2187 1645 2249 proe-

430 2282 563 2343 beamus
593 2281 755 2344 infusum.
786 2283 870 2344 inter
902 2301 1052 2343 anserum
1083 2279 1205 2342 cibaria
1231 2278 1382 2361 legumen
1405 2301 1499 2341 omne
1523 2281 1645 2362 porrigi

366 2395 386 2454 4
431 2399 542 2476 potest
565 2402 706 2477 excepto
730 2415 807 2457 ervo
823 2441 829 2454 .
845 2392 1026 2457 cavendum
1051 2401 1101 2456 est
1124 2395 1229 2468 etiam,
1252 2413 1293 2454 ne
1311 2391 1393 2475 pulli
1412 2413 1521 2454 eorum
1536 2400 1645 2454 saetas
1679 2411 1712 2459 15

430 2505 593 2589 glutiant.
617 2504 737 2568 Graeci
766 2504 956 2590 saginandis
985 2505 1155 2568 anseribus
1186 2504 1339 2588 polentae
1371 2503 1452 2567 duas
1482 2513 1592 2587 partes
1616 2514 1672 2595 et.

429 2619 564 2680 furfuris
600 2627 754 2699 quattuor
786 2639 871 2700 aqua
905 2616 1011 2681 calida
1041 2624 1224 2701 temperant
1254 2625 1287 2679 et
1315 2620 1467 2700 ingerunt
1496 2639 1556 2700 pro
1585 2617 1648 2680 ad-

429 2733 572 2814 petentis
595 2731 765 2794 voluntate
788 2729 964 2797 sumenda.
982 2731 1085 2792 tribus
1108 2751 1167 2813 per
1191 2729 1275 2792 diem
1299 2729 1425 2792 vicibus
1448 2738 1528 2812 potu
1550 2729 1648 2791 adiu-

431 2852 526 2905 vant.
561 2841 668 2906 media
702 2863 833 2925 quoque
865 2853 962 2906 nocte
996 2864 1113 2925 aquam
1148 2843 1355 2906 ministrant.
1392 2844 1533 2925 peractis
1567 2864 1647 2906 vero

430 2957 563 3039 triginta
581 2954 707 3038 diebus⁷
727 2958 765 3037 si,
785 2964 820 3019 ut
839 2957 928 3021 iecur
946 2957 996 3018 his
1013 2963 1210 3034 tenerescat‚
1230 2954 1371 3038 optabis,
1391 2963 1503 3017 tunsas
1524 2957 1647 3018 caricas
1675 2974 1705 3022 20

369 3167 388 3172 ...
394 3164 574 3174 --α--α-α--α

468 3303 482 3351 1
502 3319 518 3351 a
535 3315 584 3354 om.
603 3300 629 3354 L
646 3299 681 3354 F.
708 3301 729 3371 Η
754 3304 859 3354 Martiis
874 3302 900 3356 V
915 3304 941 3369 (s
959 3318 977 3354 a
994 3301 1113 3357 secundo
1129 3305 1237 3368 mono),
1257 3307 1366 3354 merciis
1383 3303 1432 3367 1³²,
1451 3303 1542 3354 Martii
1559 3302 1660 3357 coeteri
1684 3303 1705 3372 Η

366 3402 551 3448 2extremum
571 3426 600 3434 -
621 3400 758 3464 subponas
776 3413 825 3450 om.
843 3397 879 3450 F.
913 3400 934 3466 Η
967 3397 1240 3464 3permittamus1t.
1265 3397 1286 3464 Η
1313 3401 1422 3449 laram
1442 3400 1480 3449 1³²
1498 3400 1537 3449 Ρ8
1556 3401 1663 3466 (haram
1681 3399 1713 3451 ia

363 3491 498 3559 otarpiac)
521 3491 556 3558 V,
580 3497 645 3544 iram
668 3495 715 3562 P‘,
733 3511 823 3544 aream
841 3493 878 3561 E,
902 3510 993 3545 arcam
1010 3493 1045 3546 R.
1069 3493 1090 3562 Η
1114 3498 1246 3559 4sponte
1270 3495 1491 3546 consuetudinem
1511 3495 1543 3548 R.
1568 3497 1589 3562 Η
1615 3499 1630 3545 5
1649 3498 1712 3561 gal-

363 3591 426 3640 liuis
452 3593 576 3640 anserina
601 3606 653 3639 oua
674 3593 746 3641 sicut
769 3594 907 3655 pauonina
930 3605 1070 3655 supponas
1088 3589 1134 3655 R,
1161 3606 1299 3655 supponas
1325 3595 1405 3641 ctiam
1430 3591 1470 3640 pr
1493 3606 1542 3658 ps,
1571 3606 1712 3656 supponas

365 3686 429 3750 [pro
446 3683 527 3751 sicut)
546 3682 588 3750 Ε,
615 3688 686 3734 sicut
706 3715 736 3722 -
756 3689 837 3735 etiam
856 3699 905 3736 om.
924 3685 959 3737 A.
984 3684 1005 3752 Η
1031 3687 1092 3734 aet
1109 3684 1171 3753 (pro
1190 3685 1283 3751 etiarn)
1302 3685 1482 3736 LP²P³P⁴.
1507 3685 1527 3753 Η
1551 3689 1712 3738 (tanaerina

363 3794 416 3830 ova
433 3793 481 3830 om.
501 3779 536 3832 A.
559 3778 580 3849 Η
605 3781 755 3829 bnoceant
772 3778 808 3832 F.
832 3779 853 3849 Η
878 3782 1020 3846 subposita
1039 3781 1087 3845 P’,
1105 3784 1248 3846 supposita
1266 3779 1338 3848 ΕΗ
1364 3786 1379 3832 7
1397 3783 1502 3832 hortica
1520 3782 1568 3846 1³²,
1588 3782 1712 3834 orticaL

364 3875 392 3939 (v
410 3888 429 3924 a
444 3888 527 3926 manat
544 3871 663 3925 secunda
680 3888 766 3941 supra
782 3873 924 3941 scriptam)
943 3876 989 3925 P³.
1008 3873 1029 3941 Η
1053 3876 1135 3925 Parui
1154 3879 1255 3926 semine
1273 3879 1419 3941 papaueris
1436 3890 1458 3940 s,
1476 3880 1554 3940 parui
1571 3904 1605 3912 —
1623 3881 1713 3927 urtica

364 3984 412 4021 om.
432 3968 468 4022 F.
492 3969 513 4036 Η
543 3974 569 4019 in
588 3973 681 4034 primis
698 3968 732 4022 R.
758 3969 778 4036 Η
804 3971 876 4020 domi
893 3975 1039 4035 pascantur
1057 3969 1091 4022 R.
1116 3969 1137 4038 Η
1162 3976 1177 4022 8
1197 3973 1313 4021 educare
1332 3970 1373 4036 E,
1398 3970 1460 4020 duci
1479 3978 1608 4036 poterunt
1625 3971 1660 4024 R.
1686 3972 1707 4039 Η

364 4069 379 4115 9
397 4066 574 4116 reformidant
583 4063 620 4129 F,
639 4069 701 4130 quia
718 4066 864 4116 formidant
882 4068 992 4117 aculeos
1004 4065 1038 4118 R.
1063 4065 1084 4135 Η
1109 4083 1230 4116 mensum
1249 4066 1275 4118 L
1292 4069 1312 4131 (i
1330 4081 1349 4116 o
1366 4080 1449 4118 otono
1468 4067 1507 4118 Π
1520 4082 1608 4136 supro
1625 4066 1712 4135 scrip·

363 4162 429 4228 tum)
448 4163 485 4212 P²
505 4161 554 4228 1³³,
571 4164 709 4213 mensibus
728 4161 761 4214 R.
787 4160 807 4229 Η
831 4164 914 4212 Parui
927 4193 956 4200 —·
970 4165 1058 4213 urtica
1075 4161 1127 4214 ins,
1146 4166 1207 4213 orato
1225 4180 1286 4212 nom
1305 4161 1340 4214 F.
1367 4162 1386 4229 Η
1413 4165 1444 4212 10
1463 4166 1489 4212 in
1508 4170 1597 4214 aetate
1617 4171 1712 4213 tenera

363 4257 402 4307 P*
419 4272 451 4323 p,
471 4261 650 4322 pinguescunt
668 4262 694 4307 in
713 4264 806 4308 tenera
822 4264 912 4309 aetate
930 4274 951 4309 a.
975 4259 996 4327 Η
1023 4266 1052 4310 11
1072 4260 1249 4323 prohibeatur
1265 4257 1299 4310 R.
1324 4258 1345 4326 Η
1372 4260 1402 4309 13
1421 4260 1534 4309 multum
1552 4257 1589 4325 F,
1608 4262 1711 4310 milium

365 4352 508 4402 decoctum
527 4352 576 4417 1³³,
593 4355 696 4403 milium
715 4359 820 4404 coctum
839 4352 873 4406 E.
899 4353 920 4420 Η
952 4357 983 4403 14
1007 4370 1084 4405 omno
1109 4356 1234 4419 legumen
1259 4358 1392 4418 praestari
1402 4340 1450 4421 χΒ,
1478 4357 1609 4421 praestari
1628 4356 1712 4408 etiam

363 4445 405 4511 A,
424 4462 525 4497 cannae
544 4447 607 4515 (pro
626 4449 715 4514 omne)
734 4451 782 4504 ΡΒ.
799 4449 819 4518 Η
846 4455 876 4501 15
897 4467 990 4500 eorum
1009 4465 1058 4501 om,
1076 4449 1109 4502 R.
1126 4450 1146 4517 Η
1171 4465 1265 4499 saecat
1283 4450 1329 4501 1²².
1346 4449 1367 4517 Η
1393 4454 1424 4501 16
1443 4453 1497 4501 Sed
1517 4452 1615 4502 Graeci
1633 4453 1667 4506 R.
1685 4455 1706 4523 Η

364 4542 505 4591 anseribus
523 4541 616 4594 (ΜΕ.
632 4540 653 4610 Η
672 4545 795 4607 polentes
814 4543 855 4610 F,
876 4547 944 4596 duas
963 4547 1089 4610 polentae
1109 4550 1201 4612 partes
1216 4543 1250 4597 R.
1267 4543 1288 4612 Η
1306 4550 1337 4596 17
1356 4552 1484 4610 quattuor
1503 4548 1614 4597 furfuris
1633 4548 1666 4602 R.
1685 4551 1706 4618 Η

365 4639 530 4702 temperatas
557 4639 591 4688 ad
609 4639 714 4688 libitum
737 4645 898 4692 sumentium
923 4643 1063 4692 tribuunt.
1089 4641 1175 4690 tribus
1193 4639 1227 4692 R.
1258 4638 1278 4708 Η
1307 4645 1468 4707 appetendis
1487 4643 1519 4695 L⁴
1550 4642 1571 4710 Η
1602 4646 1635 4695 20
1653 4645 1712 4698 XX

364 4731 406 4782 pr
421 4730 455 4785 R.
480 4733 501 4802 Η
526 4738 584 4784 siue
603 4735 666 4801 (pro
684 4738 716 4802 si,
734 4735 777 4802 ut)
795 4735 830 4803 R,
849 4740 872 4787 si
890 4743 939 4787 aut
960 4734 991 4790 V.
1015 4734 1036 4802 Η
1061 4737 1093 4787 20
1111 4741 1286 4789 tenerescant
1303 4736 1337 4792 R.
1362 4739 1383 4808 Η
1408 4744 1495 4791 carias
1513 4740 1562 4790 12².
1587 4740 1608 4807 Η
