3742 5542
913 634 962 697 VI

374 869 420 931 De
443 868 526 930 libris
549 887 643 930 uranu
664 870 793 951 scriptis,
817 889 891 951 quos
913 888 945 931 se
968 888 1153 952 conparasse
1177 869 1343 933 Bastianus
1366 874 1473 931 auclor
1494 869 1606 930 oersio·

270 984 317 1044 nis
340 981 475 1044 Palladii
496 979 622 1044 Italicae
652 981 847 1057 (Florentiae
871 972 969 1063 1605)
999 981 1190 1063 adfirneat⁵),
1212 983 1287 1044 nihil
1315 983 1445 1065 amplius
1474 986 1607 1043 constat:

263 1096 398 1176 sortasse
421 1095 513 1156 iidem
535 1099 611 1172 suut,
635 1114 709 1177 quos
733 1094 903 1156 Palilianus
926 1095 968 1156 ad
991 1093 1212 1174 Costiaationes
1233 1115 1305 1158 suas
1328 1096 1470 1159 adhibuil.

376 1205 407 1271 0.
431 1206 578 1268 Boethius
599 1225 671 1268 usus
695 1207 797 1269 codice
817 1226 913 1268 rnanu
935 1209 1047 1290 scripto
1070 1207 1165 1270 multa
1186 1209 1257 1271 inde
1280 1210 1322 1271 ad
1345 1209 1516 1272 Palladium
1547 1212 1607 1271 ad-

271 1320 425 1395 notente)
449 1321 482 1380 in
504 1338 595 1401 opere
617 1340 689 1400 suo,
719 1320 800 1403 quod
827 1319 1002 1381 inscribitur
1025 1319 1214 1381 Adversariu
1245 1319 1464 1402 (Francosurti
1487 1321 1607 1399 1620:

271 1433 324 1495 sed
353 1433 390 1494 de
421 1452 455 1494 eo
490 1433 593 1493 codice
621 1451 719 1514 neque
747 1434 810 1514 ipse
840 1433 1006 1516 quidquam
1043 1435 1279 1496 conmemoraoit
1315 1454 1412 1517 neque
1442 1435 1521 1496 alius
1548 1437 1609 1496 nisi

274 1545 437 1624 Gesnerus,
461 1546 513 1626 qui
535 1565 554 1606 a
577 1543 773 1624 Lnydunensi
794 1545 878 1607 illurn
902 1545 1054 1606 diversum
1078 1564 1140 1606 esse
1164 1545 1311 1609 censebat

373 1656 396 1725 Ι.
420 1659 473 1722 Fr.
501 1658 673 1722 Gronovius
696 1658 829 1719 codicem
853 1656 988 1718 Palladii
1010 1656 1312 1736 Laeduno-Bataoee
1341 1679 1443 1721 mense
1468 1658 1608 1739 Ascendo

273 1774 347 1834 anui
370 1771 453 1834 1637
475 1772 600 1835 contulit
623 1774 745 1854 eiusque
768 1770 909 1832 lectiones
931 1771 1063 1850 rnaryini
1085 1771 1225 1832 editionis
1250 1768 1511 1834 Commeliuianae
1534 1773 1607 1838 Abr.

177 1937 180 1943 .
275 1885 423 1948 Gronooii
444 1881 662 1967 adser¹ipsil⁷):
683 1886 710 1945 is
733 1888 835 1945 autern
857 1883 955 1946 codex
978 1889 1076 1945 exstat
1092 1882 1397 1963 Inceduuo-Batnoae
1420 1889 1453 1948 in
1476 1908 1513 1949 ea
1536 1890 1607 1950 uni-

272 1998 423 2060 uersitatis
447 1997 641 2059 bibliothecae
660 2001 761 2078 parle,
785 2016 863 2078 quae
885 2002 1013 2058 oecalur
1030 1996 1201 2080 publica⁸).

380 2108 486 2173 eadee
523 2108 701 2187 Vossianus,
742 2110 827 2170 euius
867 2109 1010 2171 lectiones
1032 2109 1116 2172 abl.
1147 2109 1312 2173 Perizonio
1346 2119 1505 2195 excerptas
1539 2113 1609 2176 oin

275 2221 501 2303 Schoeltyenius
523 2222 659 2285 adhibuit
668 2222 709 2302 ⁹),
731 2223 812 2285 idern
835 2242 898 2284 esse
920 2223 1049 2301 uidetur,
1073 2243 1161 2305 quern
1178 2222 1202 2286 1.
1214 2223 1268 2290 Fr.
1282 2224 1454 2288 Gronovius
1476 2229 1609 2302 contulit,

275 2337 348 2418 quia
370 2333 679 2416 Laeduno-Bataoae
701 2337 735 2397 iu
757 2355 794 2397 ea
815 2336 1021 2397 uniuersitatis
1044 2334 1238 2397 bibliothecae
1262 2342 1370 2418 porte,
1400 2358 1478 2421 quae
1501 2340 1612 2402 dieitur

280 2448 437 2522 Vossiena,
467 2449 572 2510 nullus¹
598 2448 733 2510 Palladii
762 2447 837 2509 liber
865 2467 960 2509 manu
988 2448 1118 2529 scriptus
1149 2448 1394 2529 adseroetnr¹⁰):
1431 2451 1612 2514 Vossianuru

272 2562 365 2641 icitur
396 2580 560 2640 coenoman
596 2581 699 2623 errore
729 2561 862 2643 quadarn
890 2560 1049 2622 Perizonii
1078 2566 1217 2622 eaorturn
1247 2581 1310 2624 esse
1339 2566 1498 2646 suspicor.
1530 2567 1612 2650 quod

274 2680 375 2737 autern
388 2672 590 2736 Schneiderus
613 2673 768 2753 dubitauit,
792 2693 865 2735 nune
888 2674 996 2751 cadere,
1019 2675 1072 2756 qui
1093 2679 1220 2736 uocatur
1235 2673 1408 2756 Vossianus,
1431 2678 1512 2740 idern
1535 2683 1611 2740 esset

275 2806 311 2849 ac
336 2786 561 2865 Gronooianus,
586 2787 658 2869 quia
675 2805 797 2868 paucae
811 2785 958 2848 Gronooii
980 2785 1157 2848 lectionesa
1176 2786 1339 2852 Perizonio
1361 2810 1425 2852 non
1447 2792 1610 2853 adnotatae

275 2906 380 2980 essent,
397 2899 527 2971 conlatio
544 2897 1226 2980 illiusdiliyentioresseoideturquaushuius:
1248 2921 1321 2962 nans
1331 2908 1449 2965 ceterae
1459 2904 1609 2981 lectiones,

274 3033 352 3096 quae
372 3013 524 3095 plurimae
547 3012 585 3074 ab
607 3017 735 3123 utraque
759 3012 949 3092 adseruntur,
972 3012 1105 3073 intense
1124 3012 1219 3094 plane
1242 3017 1431 3078 consentiunt
1446 3013 1499 3091 ¹¹).

380 3122 638 3206 Cantabriyiensis
662 3124 774 3187 codicis
797 3124 940 3186 lectiones
958 3143 1079 3206 paneae
1103 3126 1145 3187 ad
1160 3127 1283 3207 priores
1305 3125 1440 3187 Palladii
1462 3124 1553 3185 libras
1573 3123 1610 3184 ab

275 3235 313 3298 A.
340 3237 494 3300 Gronooio
518 3242 761 3300 conmemoretae
783 3242 852 3298 suut
866 3234 919 3311 ¹²).

381 3348 507 3413 Codices
537 3350 687 3428 Palladii,
723 3347 830 3430 quibus
859 3347 922 3409 lac.
956 3346 1127 3411 Gronovius
1160 3347 1202 3408 ad
1232 3344 1426 3408 Calleetanea
1454 3366 1511 3408 sua
1539 3367 1612 3408 usus

275 3460 382 3542 est¹³),
406 3463 505 3524 Italici
519 3463 619 3542 fuisse
641 3462 799 3537 uidentur:
824 3481 898 3544 quos
919 3481 982 3523 non
1004 3461 1150 3521 nantinus.

379 3658 399 3723 ⁶)
417 3653 573 3709 Seleucideri
590 3658 649 3707 torre.
670 3653 731 3706 ΙΙΙ
741 3654 830 3721 praef.
849 3654 906 3707 IX.

378 3751 398 3816 Ε)
416 3748 529 3802 Gesneri
543 3747 630 3816 praef.
651 3748 717 3813 XV,
737 3748 893 3801 Schneicleri
912 3754 971 3801 tom.
992 3748 1048 3801 HI
1058 3747 1147 3815 praet.
1171 3748 1241 3802 VII.

381 3847 400 3912 ⁷)
419 3843 576 3897 Schneideri
593 3849 654 3897 tour.
673 3843 731 3896 III
745 3843 833 3912 praef.
857 3843 927 3897 VII.

379 3943 400 4007 ⁸)
418 3940 565 4009 Catteloaus
593 3939 723 3991 librorum
754 3946 808 3992 tene
837 3940 1026 4007 irreprcssorurn
1053 3954 1133 4006 quercu
1162 3938 1407 4005 rnanuseriptorunr
1431 3935 1615 3988 Bibliothecae

280 4034 475 4088 Untrersitah's
490 4034 767 4103 Brundusio-Batauus
785 4050 853 4087 cura
871 4039 896 4086 et
906 4048 988 4102 opera
1002 4034 1043 4087 W.
1054 4032 1224 4101 Sariasterdit,
1242 4034 1303 4086 Iac.
1323 4032 1491 4085 Gronouiiet
1505 4032 1529 4084 1.
1542 4032 1614 4099 Heu-

276 4130 372 4196 manli,
391 4129 524 4198 Laeduni
541 4130 618 4198 apud
636 4131 759 4183 Batauos
777 4133 851 4194 1716,
869 4146 895 4197 p.
915 4132 978 4192 329,
996 4145 1068 4180 riurei.
1087 4132 1148 4180 102.

381 4229 401 4294 ⁹)
419 4225 530 4279 Gesneri
544 4225 631 4293 praef.
652 4226 718 4291 XV,
738 4224 894 4279 Schneideri
913 4230 974 4277 torre.
993 4224 1049 4277 ΙΙΙ
1061 4221 1150 4292 praef.
1174 4221 1239 4274 VII.

380 4324 410 4388 ¹⁰)
429 4319 469 4384 ef.
487 4321 634 4390 Gotaloyus
649 4321 709 4373 libr.
729 4326 747 4374 l.
764 4322 841 4388 irnpr.
859 4337 881 4388 q.
898 4336 944 4371 nes.
967 4319 1152 4372 Bibliothecae
1170 4318 1362 4372 Ureioersitutis
1378 4317 1613 4386 Brundusio-Bata-

277 4431 324 4468 oae
343 4430 363 4468 s.
383 4414 401 4466 l.

381 4513 412 4576 ¹¹¹)
431 4510 554 4578 Excepto
574 4515 596 4573 1,
615 4515 657 4576 37,
678 4517 691 4561 7
711 4515 762 4576 (38,
782 4514 806 4575 2)
825 4517 954 4577 praecopi
972 4511 1064 4577 Gran,
1084 4515 1205 4577 praecipi
1223 4509 1309 4562 Perie.

381 4610 412 4673 ¹¹)
430 4605 586 4659 Schneideri
604 4611 663 4657 torn.
683 4607 739 4659 III
750 4606 837 4675 praef.
858 4607 895 4659 X.

381 4704 412 4770 ¹³)
431 4700 518 4755 Geelii
537 4700 682 4769 Calabaeus
706 4702 936 4769 librornrufflness,
963 4701 1011 4769 arci
1035 4701 1098 4753 iude
1116 4701 1150 4754 ab
1169 4715 1240 4753 aureo
1259 4702 1324 4752 1741
1342 4698 1527 4752 Bibliothecae
1545 4699 1618 4767 Lua-

279 4799 778 4863 duno-Betaoaeaccesserunt,1852,
797 4814 822 4849 n.
841 4800 902 4850 603.
